3218 4820
276 264 387 322 XXXVI
541 339 549 352 ὓ
717 266 956 336 Prolegomens.

277 440 370 506 codex
400 441 539 506 Monac.
565 441 650 506 5934
676 462 703 506 e.
732 441 822 507 1522.
862 441 1004 508 citantur
1034 447 1194 526 praeterea
1225 464 1243 510 a
1272 445 1401 510 quenci

277 544 443 610 editoribus
470 546 520 609 uel
549 544 779 630 interpretibus
810 545 862 628 qui
889 546 979 611 hodic
1009 548 1219 612 desiderantur
1245 552 1281 613 ut
1307 550 1401 613 codex

280 647 423 713 barthii
446 650 495 731 (cf.
523 649 643 716 Bartbii
668 648 796 714 Aduers.
817 649 888 714 IdX
910 669 975 732 cop.
995 650 1040 734 5),
1068 651 1127 715 duc
1150 650 1400 732 Colonienscs‚

277 770 353 834 quos
377 752 433 823 sub
457 753 613 818 Ludouico
635 754 690 817 Pio
714 754 842 836 scriptos
873 773 940 818 esse
969 755 1052 819 idem
1074 755 1220 819 Barthius
1243 757 1401 820 contendit

277 855 420 937 (Aduers.
448 855 525 922 XIII
552 876 577 920 c.
605 855 666 940 19),
694 857 787 922 codex
814 857 1009 924 Vuldensis
1037 856 1400 942 (oi.Reuschiip1·aef.)‚

277 958 369 1024 codor
399 960 693 1045 Mersburgicus‚
726 980 817 1043 quem
847 961 1006 1026 Fabricius
1037 963 1069 1027 in
1099 981 1210 1027 comm.
1235 964 1400 1027 Poetarum

277 1063 513 1130 christianorum
534 1083 557 1129 s.
575 1083 604 1128 u.
620 1065 738 1132 Debilis
761 1067 876 1130 deridet.
914 1066 961 1130 De
984 1065 1095 1148 quibus
1119 1066 1273 1132 codicibus
1296 1087 1401 1132 recen-

276 1166 404 1232 tissimis
426 1168 628 1234 conserendus
651 1172 699 1234 cst
722 1169 816 1236 etiam
838 1169 1010 1234 Reuschius
1034 1170 1066 1234 in
1088 1171 1256 1256 prolegom.
1281 1170 1338 1235 sub
1361 1171 1400 1234 ti-

277 1272 357 1336 tulo:
381 1271 500 1342 codices
524 1290 598 1336 mss.

319 1374 356 1440 In
378 1393 491 1462 magno
515 1375 683 1442 editionum
693 1376 717 1459 ¹)
748 1395 875 1442 numero
899 1395 951 1440 ess
974 1380 1097 1441 tantum
1120 1379 1249 1460 respexi,
1278 1397 1313 1442 er
1335 1381 1403 1462 qui-

277 1475 335 1543 bus
358 1477 396 1544 ad
419 1478 515 1544 uerba
536 1478 663 1546 quenci
686 1481 751 1546 siue
774 1481 966 1546 emendanda
989 1481 1053 1546 siue
1081 1481 1261 1563 explicanda
1287 1483 1401 1564 aliquid

275 1580 445 1648 redundare
468 1582 543 1648 nrihi
565 1582 667 1648 uisum
692 1590 748 1648 est.
785 1583 889 1666 Atque
909 1586 1048 1650 omnium
1064 1586 1333 1668 praestantissima
1347 1606 1401 1651 no-

276 1685 423 1752 minanda
445 1691 494 1752 est
515 1687 607 1752 editio
629 1687 844 1754 Poclmanni
871 1690 922 1752 uel
943 1689 1154 1770 Pulmanni,
1185 1709 1263 1772 quae
1288 1690 1402 1774 prodiit

274 1789 415 1856 Basileac
442 1787 533 1872 1528,
555 1791 685 1874 repetita
707 1794 811 1858 autem
835 1795 882 1856 est
908 1811 979 1856 cum
1003 1793 1135 1874 epistula
1158 1785 1341 1859 dedicatoria
1363 1795 1402 1859 ad

275 1891 485 1962 Reinhardum
523 1894 700 1960 Lorichium
734 1895 956 1960 Hadamarium
990 1895 1151 1980 Marporgi
1183 1897 1281 1961 Nonis
1315 1899 1401 1962 Iuliis

275 1997 348 2062 esini
387 1995 467 2062 1537
503 1999 555 2080 (cf.
587 1999 667 2066 Prol.
698 1999 730 2064 in
765 1999 922 2064 Sedulium
951 2021 980 2084 p.
1011 2000 1120 2084 XXV).
1166 1999 1297 2065 Additae
1331 2006 1402 2066 sunt

275 2101 346 2166 huic
376 2102 500 2166 editioni
530 2103 634 2168 uariae
663 2103 811 2168 lectiones
841 2103 873 2170 in
895 2104 1024 2169 quenci
1054 2105 1285 2188 euangeliorum
1314 2104 1401 2170 libris

277 2203 459 2270 obseruatae
489 2224 543 2289 per
572 2205 766 2273 'l'hecdorum
789 2205 1121 2291 Oranemburgensem,
1152 2227 1228 2290 quas
1258 2208 1290 2273 in
1320 2209 1401 2273 notis

277 2307 389 2374 criticis
411 2311 529 2392 passim
557 2311 620 2375 fere
651 2311 797 2376 adnotaui
826 2312 879 2390 ita,
909 2315 944 2375 ut
973 2331 1025 2376 eas
1048 2311 1271 2376 electionibus
1299 2316 1400 2377 textus

277 2410 391 2477 Poelm.
409 2412 431 2476 i.
446 2435 485 2478 11.
502 2414 732 2498 distinguerem.
767 2414 817 2478 Ad
837 2416 893 2479 has
912 2415 1061 2480 lectiones
1083 2417 1243 2481 referende
1266 2436 1333 2480 esse
1356 2416 1402 2479 ui-

251 2519 389 2582 dentur
419 2537 496 2600 quae
518 2517 698 2603 Georgius
722 2519 915 2584 Fabricius
944 2519 977 2584 in
1007 2520 1235 2584 commentariis
1265 2520 1400 2601 editioni,
1502 2535 1504 2538 ·

277 2639 354 2706 quae
377 2640 404 2686 a.
423 2620 505 2686 1562
526 2623 667 2688 Basilcae
690 2642 745 2706 per
765 2624 914 2687 Ioannem
938 2623 1106 2707 Oporinum
1129 2623 1249 2706 prodiit,
1276 2623 1400 2688 adnexis

278 2725 335 2790 sub
359 2724 452 2792 uerbo
476 2726 649 2806 ‚quencus‘
674 2727 814 2790 adnotat:
837 2726 992 2792 Lectionis
1009 2726 1219 2792 diuersitatem
1242 2729 1273 2792 in
1288 2728 1401 2792 quen-

277 2842 355 2850 ·-—-.-...
365 2845 366 2850 ,
398 2844 448 2848 ...—
456 2845 468 2848 .-

323 2899 341 2966 Ι)
359 2898 505 2954 Recensum
524 2897 667 2952 editionum
686 2901 878 2968 proposuerunt
895 2897 1076 2952 Reuschius
1094 2898 1122 2951 in
1139 2897 1310 2966 praefatione,
1328 2899 1401 2953 Are-

278 2983 382 3050 nalus,
405 2983 536 3054 Prolegg.,
560 3002 614 3053 esp.
634 2984 684 3048 ΙΙΙ,
708 3001 762 3039 nro.
781 2987 890 3049 52-87,
914 2983 1036 3039 Gebser
1057 2984 1239 3054 1111461.
1276 2985 1400 3040 Omnium

279 3071 463 3140 antiquissima
488 3076 534 3137 est,
562 3088 626 3140 quac
654 3089 722 3126 anno
750 3073 816 3128 1490
843 3071 942 3141 prodiit
968 3075 995 3125 et
1020 3071 1089 3125 hanc
1115 3071 1314 3141 inscriptionem
1340 3090 1402 3142 prae

279 3176 306 3214 sc
319 3158 382 3213 fert:
399 3158 531 3213 quencus
543 3159 679 3228 presbyter
690 3158 846 3212 immensam
859 3157 1025 3226 euangelicos
1036 3157 1103 3227 legis
1115 3159 1279 3214 maiestatem
1290 3159 1401 3214 heroicis

279 3245 399 3299 irensibus
417 3241 580 3300 concludens.
608 3245 737 3300 Addende
754 3247 794 3298 est
806 3245 839 3298 ad
852 3245 979 3299 editiones
992 3245 1024 3298 ab
1037 3245 1150 3299 Areualo
1163 3247 1320 3300 memoratas
1338 3246 1401 3300 haer

280 3331 445 3386 Viennensis:
463 3330 572 3386 Iutienci
584 3333 675 3401 poetae
689 3332 721 3385 dc
734 3332 885 3400 euangelica
896 3331 1007 3386 historia
1017 3331 1078 3386 libri
1091 3331 1129 3384 IV
1141 3331 1256 3386 Viennae
1269 3333 1401 3386 Panoniae

280 3436 325 3488 per
342 3417 534 3487 Hieronymum
551 3417 729 3473 Phiiouallum
750 3422 776 3472 et
793 3419 920 3472 Ioannem
939 3419 1107 3488 Singrenium
1130 3419 1246 3488 arpensis
1264 3418 1401 3473 Iscohsrdi

279 3505 387 3561 Alantse
406 3505 471 3558 ciuis
489 3507 517 3560 et
531 3503 638 3574 bibliop.
653 3505 806 3559 Viennensis
821 3507 893 3561 1511.
923 3505 1015 3573 Neque
1032 3505 1121 3559 oblata
1138 3506 1270 3559 occasione
1288 3509 1402 3575 praeter-

280 3593 385 3650 mittam
402 3591 530 3646 iudicium
547 3591 615 3645 illud
633 3591 664 3646 de
684 3592 745 3646 stilo
757 3592 924 3655 quentiano,
944 3591 1012 3660 quod
1029 3593 1057 3645 in
1070 3592 1183 3660 quodam
1196 3591 1336 3662 examplari
1348 3592 1401 3646 edi·

280 3679 358 3734 tionis
371 3695 439 3731 anno
454 3680 518 3733 15:33
531 3677 654 3746 Lugduni
672 3677 771 3747 publici
788 3677 854 3731 iuris
872 3677 957 3732 sactae
975 3695 990 3730 a
1008 3693 1087 3730 manu
1100 3677 1154 3731 fere
1167 3695 1262 3732 coaeua
1274 3679 1401 3748 scriptum

279 3765 343 3833 legi:
366 3764 394 3820 G.
411 3765 543 3820 iuuencus
565 3764 701 3834 presbyter
723 3763 883 3817 carminibus
906 3763 1044 3816 historiam
1069 3762 1138 3816 clare
1156 3765 1342 3833 commodeque
1360 3781 1401 3819 er-

280 3849 381 3920 prcssit.
412 3849 494 3904 Stilus
518 3851 573 3903 eius
595 3867 642 3904 nee
665 3848 783 3904 tumidus
806 3853 846 3902 cst
869 3865 916 3902 nec
937 3848 1047 3915 gentilia
1065 3849 1193 3916 figmenta
1214 3851 1333 3914 reddens,
1357 3851 1402 3904 sed

280 3936 376 4005 ubique
394 3933 487 4001 facilis,
507 3937 621 4005 aequalis
639 3942 666 3990 et
684 3935 881 4003 simplicitatem
900 3933 1078 4002 etrarigclicsm
1097 3937 1206 4004 spirans.
1225 3937 1294 3990 Satis
1313 3953 1402 4006 super-

280 4039 329 4091 quc
347 4026 460 4077 testetur
481 4041 507 4078 se
526 4022 597 4076 haud
615 4022 736 4076 difficiles
754 4021 841 4074 Musas
859 4019 981 4076 habuisse
1004 4019 1068 4074 dum
1090 4022 1117 4075 in
1135 4023 1236 4090 poetica
1254 4024 1401 4078 narratione

281 4109 386 4163 ueritati
403 4125 490 4162 sacrae
508 4109 623 4178 pressius
641 4109 751 4162 haerens
763 4122 897 4175 nunquam
909 4109 956 4160 sut
972 4106 1111 4176 quicquam
1128 4111 1233 4177 torquet
1244 4111 1291 4163 aut
1302 4109 1401 4178 digres-

281 4195 396 4250 sionibus
414 4199 486 4249 extra
504 4195 616 4250 orbitam
635 4195 726 4248 fertur.
