2940 4672
589 245 825 314 Prolegomena.
1205 243 1270 297 XXI

190 420 373 484 Notlrerus
396 422 447 484 ille
464 421 642 484 Balbulus
665 421 696 484 in
713 422 852 504 epistula,
875 422 907 485 in
924 439 984 503 qna
999 422 1036 484 de
1052 419 1270 502 interpretibus

148 523 321 586 diuinarum
338 524 561 605 seripturarum
577 524 640 608 agit
656 523 713 588 ol
730 524 963 608 (6111111111,
980 524 1156 587 Thesaurus
1168 521 1271 588 Aneo-

148 627 290 691 dotornm
312 631 333 691 t.
354 629 379 708 I,
400 629 451 691 fol.
469 627 503 701 9;
527 628 694 708 Fabricius,
717 628 791 692 bibl.
810 629 889 692 med.
908 631 939 692 et
952 628 1005 691 111.
1022 627 1184 691 latinitatis
1207 627 1271 691 tv

17 821 20 826 ἡ
149 728 278 814 parat:
296 731 327 796 Si
339 722 413 796 nero
429 733 522 796 etiam
538 736 638 796 metra
652 733 836 814 requisieris,
853 751 914 797 non
926 717 1001 796 sunt
1011 730 1070 796 tibi
1081 732 1270 795 necessariae

150 835 311 918 gentilium
338 835 470 915 fabulae,
498 836 551 899 sed
577 835 673 900 habes
699 837 731 899 in
753 836 976 900 christianitate
997 836 1270 918 prudentissimum

103 975 106 980 -
149 938 349 1002 Prudentium
365 989 372 1002 .
390 989 422 1003 ..
451 938 600 1003 Aleuinus
628 939 781 1023 (Alcimus
809 938 1014 1022 Fabricius)
1041 957 1113 1003 nero
1145 939 1270 1003 nomine

151 1042 262 1106 Auitus
285 1043 357 1106 licet
370 1043 528 1107 historiam
545 1043 699 1109 Geneseos
715 1045 802 1126 quasi
818 1045 916 1116 solam
932 1044 1142 1126 assumpserit,
1165 1047 1270 1108 tamen

148 1145 252 1209 omnia
281 1149 386 1210 nostra
416 1147 591 1212 dulcissimo
621 1149 755 1212 carmine
778 1148 953 1212 decantauit
976 1151 1006 1212 et
1028 1148 1270 1231 pulcherrimum

148 1248 262 1314 librum
285 1251 323 1313 de
345 1250 523 1334 uirginitate
546 1251 584 1314 ad
607 1269 742 1316 sororem
765 1269 853 1315 snam
876 1251 1049 1335 descripsit,
1073 1255 1103 1315 et
1123 1251 1217 1315 alium
1234 1251 1271 1314 de

109 1373 111 1375 ’
147 1353 340 1418 institutione
357 1355 535 1418 mortalium
558 1354 615 1437 (61.
632 1355 818 1439 moralium),
840 1373 895 1437 pro
918 1374 978 1437 quo
1001 1359 1036 1418 tn
1057 1354 1161 1438 legisti
1182 1352 1271 1418 (lato-

148 1457 293 1537 nianum,
333 1459 386 1522 sed
420 1460 599 1540 quantocius
632 1459 724 1522 facito
759 1463 849 1524 tunm
884 1478 960 1523 esse.
1004 1459 1205 1522 quenenm
1242 1461 1273 1522 et

148 1559 308 1625 Sedulium
323 1560 486 1626 Aratorem
501 1562 692 1644 hymnosque
707 1561 931 1627 Ambrosianus
952 1562 1013 1626 scic
1030 1563 1101 1644 quia
1122 1562 1185 1626 iam
1207 1579 1272 1625 me·

149 1665 263 1728 moriae
286 1666 518 1730 commendasti.

192 1768 347 1833 Minutam
369 1769 440 1832 inde
455 1769 581 1834 quenci
603 1771 817 1835 auctoritatem
834 1789 901 1836 esse
917 1790 952 1835 ex
976 1789 1010 1836 eo
1033 1769 1169 1853 colligas,
1192 1768 1272 1850 quod

147 1874 212 1936 iam
240 1877 379 1937 auctores
405 1874 496 1954 pauci
526 1893 597 1938 eum
619 1875 715 1938 citant
735 1877 786 1939 uel
808 1875 977 1939 imitantur.
1023 1876 1060 1938 In
1084 1873 1270 1937 carminibus

148 1975 263 2039 saeculi
300 1976 411 2040 docimi
444 1978 525 2042 locos
562 1978 725 2042 nonnullos
762 1998 797 2042 ex
831 1977 966 2042 queneo
1001 1978 1113 2061 petitos
1152 1978 1272 2041 notauit

147 2079 338 2160 Duemmler,
369 2079 421 2162 (61.
445 2080 641 2145 Lateinisohe
667 2080 817 2146 Gedichte
847 2083 901 2146 des
928 2082 981 2146 IX.
1005 2081 1054 2146 bis
1076 2081 1131 2145 XI.
1150 2081 1272 2161 Jahrh,

145 2182 248 2247 Neues
283 2183 398 2247 Archiv
431 2185 460 2248 X
489 2205 518 2267 p.
542 2182 618 2268 345)
653 2188 685 2250 et
711 2185 746 2249 ll.
768 2186 861 2269 Voigt
893 2186 932 2249 ad
963 2186 1104 2266 ,Ecbasin
1138 2185 1271 2266 captiui‘.

147 2286 239 2369 Hugo
270 2288 307 2349 de
337 2287 365 2352 S.
390 2287 525 2368 Victore,
556 2290 608 2371 qui
637 2306 717 2352 auno
747 2288 826 2350 1141
862 2289 951 2370 obiit,
984 2290 1016 2352 in
1046 2288 1128 2353 erud.
1157 2288 1270 2352 didase.

146 2391 175 2453 V
212 2389 232 2452 3
265 2394 335 2472 post
368 2391 527 2457 Sedulinm
569 2395 600 2456 et
635 2392 837 2457 Prudentium
872 2393 1043 2457 quencum
1078 2393 1186 2458 laudat
1219 2392 1275 2476 (eft

148 2495 246 2578 Mign.
262 2497 284 2559 t.
304 2491 364 2556 176
386 2515 416 2578 p.
433 2493 517 2578 186).
552 2497 729 2562 Praeterea:

193 2598 427 2663 Christianus
450 2600 502 2681 qni
524 2600 771 2665 Druthmarns
788 2600 906 2666 Oorhei.
924 2602 1093 2666 monachus
1109 2601 1203 2683 uulgo
1226 2601 1271 2663 di-

148 2704 228 2767 eitur
249 2703 280 2766 11
297 2703 484 2785 expositione
506 2704 538 2766 in
560 2704 673 2768 Matth.
698 2704 751 2787 (61.
773 2705 870 2788 Migo.
897 2702 968 2785 106,
992 2701 1101 2786 1281):
1133 2704 1272 2767 Fuerunt

148 2809 253 2870 autem
276 2806 313 2870 do
335 2825 447 2889 genere
469 2807 599 2871 Balaam
621 2808 670 2871 isti
693 2811 756 2872 tres
778 2827 881 2892 reges:
904 2808 951 2872 De
974 2808 1071 2872 tribus
1087 2807 1189 2891 regnis
1205 2807 1272 2870 116-

146 2912 222 2973 1111
236 2910 272 2974 (16
288 2913 371 2975 16116
384 2910 543 2991 Henilath,
567 2910 620 2974 ubi
643 2912 784 2976 effoditur
806 2930 916 2976 aurum
936 2911 1088 2993 optin'i'nm
1104 2912 1184 2975 sicut
1199 2911 1272 2974 dixit

148 3013 291 3096 Moyses:
312 3016 342 3078 et
364 3013 458 3078 uicini
479 3015 594 3095 Persis,
617 3016 698 3080 unde
722 3015 794 3080 dicit
815 3015 998 3080 luneneus

328 3150 430 3214 lauat
452 3151 560 3215 Persis
578 3152 769 3238 pertendere
790 3153 1038 3239 91611111(61.Ι
1060 3150 1146 3236 241).

168 3290 388 3354 -Zacharias
412 3290 745 3372 Chrysopolitanns
773 3292 865 3373 episc.
890 3292 922 3355 in
949 3310 1046 3355 unum
1069 3309 1104 3354 ex
1127 3294 1271 3373 quattuor

147 3394 244 3476 praef.
257 3393 309 3476 (61.
318 3394 414 3477 Mign.
427 3391 497 3474 186,
509 3393 575 3476 14);
592 3395 638 3458 De
651 3395 757 3478 figuris
770 3396 1029 3478 euangelistarnm
1042 3394 1101 3459 non
1115 3394 1271 3474 aduersas,

149 3497 204 3561 sed
225 3498 363 3561 diuersas
386 3498 516 3561 Petrum
539 3498 709 3563 sententias
731 3517 881 3582 ponemus
904 3502 940 3563 ut
960 3500 1056 3563 lector
1078 3498 1174 3581 eligat
1193 3498 1272 3579 quod

148 3599 208 3664 sibi
221 3601 416 3684 potissimum
431 3601 586 3666 uidebitur
608 3638 649 3648 -
673 3601 828 3667 Sedulius:
843 3603 911 3667 Hoc
926 3603 1103 3666 Matthaeus
1119 3619 1214 3684 agens
1229 3636 1271 3647 -

149 3708 232 3768 astro
255 3704 418 3769 lohannes.
463 3703 565 3769 Aliter
585 3705 770 3770 quencus

278 3841 464 3905 Matthaeus
487 3841 631 3907 iastitaa't
653 3842 816 3907 dictatam
837 3843 965 3907 tramite
987 3863 1098 3920 morea,

276 3945 319 4008 Et
342 3944 415 4009 heae
436 3945 575 4009 ata‘aeade'
597 3945 682 4009 iacto
707 3946 795 4010 dedit
817 3945 930 4009 codice
954 3944 1042 4033 tepea.

277 4048 411 4111 Maroae
434 4059 522 4112 amat
545 4060 650 4114 terrae
672 4050 758 4114 a‘ater
779 4047 960 4134 caelumque
982 4050 1107 4128 colare,

276 4152 319 4215 Et
341 4154 505 4217 aebemeca
527 4153 642 4242 aquila
662 4154 772 4219 striato
794 4157 877 4220 secat
899 4154 1006 4222 emata
1030 4153 1136 4245 lapsa.
