<?xml version="1.0" encoding="UTF-8"?>
<!DOCTYPE html PUBLIC "-//W3C//DTD XHTML 1.0 Transitional//EN"
    "http://www.w3.org/TR/xhtml1/DTD/xhtml1-transitional.dtd">
<html xmlns="http://www.w3.org/1999/xhtml" xml:lang="en" lang="en">
 <head>
  <title>
</title>
<meta http-equiv="Content-Type" content="text/html;charset=utf-8" />
  <meta name='ocr-system' content='tesseract 3.04.00' />
  <meta name='ocr-capabilities' content='ocr_page ocr_carea ocr_par ocr_line ocrx_word'/>
</head>
<body>
  <div class='ocr_page' id='page_1' title='image "./gaivettiaqvilin01huemgoog_0027.png"; bbox 0 0 2940 4672; ppageno 0'>
   <div class='ocr_carea' id='block_1_1' title="bbox 207 272 886 343">
    <p class='ocr_par' dir='ltr' id='par_1_1' title="bbox 207 272 886 343">
     <span class='ocr_line' id='line_1_1' title="bbox 207 272 886 343; baseline 0.001 -14"><span class='ocrx_word' id='word_1_1' title='bbox 207 273 256 329; x_wconf 85' lang='lat' dir='ltr'>XX</span> <span class='ocrx_word' id='word_1_2' title='bbox 645 272 886 343; x_wconf 86' lang='lat' dir='ltr'>Prolegomona.</span> 
     </span>
    </p>
   </div>
   <div class='ocr_carea' id='block_1_2' title="bbox 208 449 1330 1364">
    <p class='ocr_par' dir='ltr' id='par_1_2' title="bbox 208 449 1330 1364">
     <span class='ocr_line' id='line_1_2' title="bbox 250 449 1330 536; baseline 0.003 -23"><span class='ocrx_word' id='word_1_3' title='bbox 250 449 435 515; x_wconf 87' lang='lat' dir='ltr'>Iohannes</span> <span class='ocrx_word' id='word_1_4' title='bbox 458 449 588 515; x_wconf 83' lang='lat' dir='ltr'>Sootus</span> <span class='ocrx_word' id='word_1_5' title='bbox 611 451 658 514; x_wconf 91' lang='lat' dir='ltr'>De</span> <span class='ocrx_word' id='word_1_6' title='bbox 682 451 769 515; x_wconf 90' lang='lat' dir='ltr'>diuis.</span> <span class='ocrx_word' id='word_1_7' title='bbox 794 455 921 515; x_wconf 89' lang='lat' dir='ltr'>naturae</span> <span class='ocrx_word' id='word_1_8' title='bbox 943 451 975 514; x_wconf 96' lang='grc' dir='ltr'><strong><em>Π</em></strong></span> <span class='ocrx_word' id='word_1_9' title='bbox 1000 449 1037 512; x_wconf 82' lang='lat'>1‘1</span> <span class='ocrx_word' id='word_1_10' title='bbox 1062 453 1113 535; x_wconf 81' lang='lat' dir='ltr'>(oi.</span> <span class='ocrx_word' id='word_1_11' title='bbox 1135 452 1232 536; x_wconf 90' lang='lat' dir='ltr'>Mign.</span> <span class='ocrx_word' id='word_1_12' title='bbox 1259 452 1330 535; x_wconf 77' lang='lat'>122,</span> 
     </span>
     <span class='ocr_line' id='line_1_3' title="bbox 208 552 1329 638; baseline 0.004 -21"><span class='ocrx_word' id='word_1_13' title='bbox 208 552 299 637; x_wconf 76' lang='lat'><strong>550):</strong></span> <span class='ocrx_word' id='word_1_14' title='bbox 323 553 402 634; x_wconf 81' lang='lat' dir='ltr'>Quid</span> <span class='ocrx_word' id='word_1_15' title='bbox 419 572 491 638; x_wconf 88' lang='lat' dir='ltr'>ergo</span> <span class='ocrx_word' id='word_1_16' title='bbox 507 554 632 635; x_wconf 89' lang='lat' dir='ltr'>mirum,</span> <span class='ocrx_word' id='word_1_17' title='bbox 648 555 675 618; x_wconf 90' lang='lat' dir='ltr'>si</span> <span class='ocrx_word' id='word_1_18' title='bbox 690 555 901 637; x_wconf 84' lang='lat' dir='ltr'><strong>primordiales</strong></span> <span class='ocrx_word' id='word_1_19' title='bbox 917 554 1086 619; x_wconf 92' lang='lat' dir='ltr'>uisibilium</span> <span class='ocrx_word' id='word_1_20' title='bbox 1101 575 1205 620; x_wconf 92' lang='lat' dir='ltr'>rerum</span> <span class='ocrx_word' id='word_1_21' title='bbox 1220 575 1329 622; x_wconf 88' lang='lat' dir='ltr'>oausae</span> 
     </span>
     <span class='ocr_line' id='line_1_4' title="bbox 210 651 1329 743; baseline 0.004 -22"><span class='ocrx_word' id='word_1_22' title='bbox 210 661 308 722; x_wconf 82' lang='lat' dir='ltr'>torrae</span> <span class='ocrx_word' id='word_1_23' title='bbox 339 657 441 721; x_wconf 89' lang='lat' dir='ltr'>inanis</span> <span class='ocrx_word' id='word_1_24' title='bbox 475 660 507 721; x_wconf 89' lang='lat' dir='ltr'>et</span> <span class='ocrx_word' id='word_1_25' title='bbox 534 676 649 722; x_wconf 81' lang='lat' dir='ltr'>uacuae</span> <span class='ocrx_word' id='word_1_26' title='bbox 680 658 829 723; x_wconf 81' lang='lat' dir='ltr'>uocabulo</span> <span class='ocrx_word' id='word_1_27' title='bbox 858 658 989 742; x_wconf 87' lang='lat' dir='ltr'>figurate</span> <span class='ocrx_word' id='word_1_28' title='bbox 1018 651 1222 741; x_wconf 86' lang='lat' dir='ltr'>insinuentur,</span> <span class='ocrx_word' id='word_1_29' title='bbox 1255 679 1329 743; x_wconf 86' lang='lat' dir='ltr'>prae</span> 
     </span>
     <span class='ocr_line' id='line_1_5' title="bbox 209 760 1329 843; baseline 0.004 -19"><span class='ocrx_word' id='word_1_30' title='bbox 209 762 305 824; x_wconf 86' lang='lat' dir='ltr'>nimia</span> <span class='ocrx_word' id='word_1_31' title='bbox 333 762 380 824; x_wconf 89' lang='lat' dir='ltr'>sui</span> <span class='ocrx_word' id='word_1_32' title='bbox 410 761 580 826; x_wconf 74' lang='lat' dir='ltr'>subtilitate</span> <span class='ocrx_word' id='word_1_33' title='bbox 612 760 821 843; x_wconf 88' lang='lat' dir='ltr'>ineffabilique</span> <span class='ocrx_word' id='word_1_34' title='bbox 855 763 1069 827; x_wconf 86' lang='lat' dir='ltr'>intelleotualis</span> <span class='ocrx_word' id='word_1_35' title='bbox 1099 782 1173 828; x_wconf 89' lang='lat' dir='ltr'>suae</span> <span class='ocrx_word' id='word_1_36' title='bbox 1202 767 1329 828; x_wconf 90' lang='lat' dir='ltr'>naturae</span> 
     </span>
     <span class='ocr_line' id='line_1_6' title="bbox 209 865 1330 949; baseline 0.003 -21"><span class='ocrx_word' id='word_1_37' title='bbox 209 865 419 947; x_wconf 78' lang='lat' dir='ltr'>simplicitate,</span> <span class='ocrx_word' id='word_1_38' title='bbox 447 865 627 948; x_wconf 84' lang='lat' dir='ltr'>priusquam</span> <span class='ocrx_word' id='word_1_39' title='bbox 649 867 679 928; x_wconf 91' lang='lat' dir='ltr'>in</span> <span class='ocrx_word' id='word_1_40' title='bbox 702 884 817 948; x_wconf 88' lang='lat' dir='ltr'>genera</span> <span class='ocrx_word' id='word_1_41' title='bbox 840 870 871 929; x_wconf 91' lang='lat' dir='ltr'>et</span> <span class='ocrx_word' id='word_1_42' title='bbox 892 865 1007 931; x_wconf 85' lang='lat' dir='ltr'>formas</span> <span class='ocrx_word' id='word_1_43' title='bbox 1030 867 1249 949; x_wconf 78' lang='lat' dir='ltr'>sensibilesque</span> <span class='ocrx_word' id='word_1_44' title='bbox 1272 887 1330 931; x_wconf 91' lang='lat' dir='ltr'>nu-</span> 
     </span>
     <span class='ocr_line' id='line_1_7' title="bbox 211 968 1328 1053; baseline 0.003 -22"><span class='ocrx_word' id='word_1_45' title='bbox 211 987 320 1049; x_wconf 71' lang='lat' dir='ltr'>meros</span> <span class='ocrx_word' id='word_1_46' title='bbox 347 969 380 1033; x_wconf 86' lang='lat' dir='ltr'>in</span> <span class='ocrx_word' id='word_1_47' title='bbox 407 969 518 1051; x_wconf 90' lang='lat' dir='ltr'>quibus</span> <span class='ocrx_word' id='word_1_48' title='bbox 542 970 639 1034; x_wconf 90' lang='lat' dir='ltr'>ueluti</span> <span class='ocrx_word' id='word_1_49' title='bbox 661 968 846 1050; x_wconf 90' lang='lat' dir='ltr'>quibusdam</span> <span class='ocrx_word' id='word_1_50' title='bbox 869 969 991 1034; x_wconf 89' lang='lat' dir='ltr'>nebulis</span> <span class='ocrx_word' id='word_1_51' title='bbox 1015 971 1165 1053; x_wconf 87' lang='lat' dir='ltr'>eorporeis</span> <span class='ocrx_word' id='word_1_52' title='bbox 1189 970 1328 1035; x_wconf 89' lang='lat' dir='ltr'>sensibus</span> 
     </span>
     <span class='ocr_line' id='line_1_8' title="bbox 209 1072 1329 1157; baseline 0.001 -21"><span class='ocrx_word' id='word_1_53' title='bbox 209 1075 366 1155; x_wconf 80' lang='lat' dir='ltr'>apparent,</span> <span class='ocrx_word' id='word_1_54' title='bbox 388 1092 442 1155; x_wconf 88' lang='lat' dir='ltr'>per</span> <span class='ocrx_word' id='word_1_55' title='bbox 464 1073 692 1156; x_wconf 84' lang='lat' dir='ltr'>generationem</span> <span class='ocrx_word' id='word_1_56' title='bbox 715 1072 912 1155; x_wconf 90' lang='lat' dir='ltr'>profluerent,</span> <span class='ocrx_word' id='word_1_57' title='bbox 935 1074 1056 1155; x_wconf 90' lang='lat' dir='ltr'>quando</span> <span class='ocrx_word' id='word_1_58' title='bbox 1078 1075 1234 1157; x_wconf 84' lang='lat' dir='ltr'>praedicta</span> <span class='ocrx_word' id='word_1_59' title='bbox 1255 1074 1329 1138; x_wconf 91' lang='lat' dir='ltr'>uisi-</span> 
     </span>
     <span class='ocr_line' id='line_1_9' title="bbox 208 1175 1330 1262; baseline 0.002 -22"><span class='ocrx_word' id='word_1_60' title='bbox 208 1175 277 1240; x_wconf 89' lang='lat' dir='ltr'>bilis</span> <span class='ocrx_word' id='word_1_61' title='bbox 306 1177 414 1241; x_wconf 89' lang='lat' dir='ltr'>mundi</span> <span class='ocrx_word' id='word_1_62' title='bbox 443 1178 542 1259; x_wconf 84' lang='lat' dir='ltr'>spatia</span> <span class='ocrx_word' id='word_1_63' title='bbox 570 1177 674 1241; x_wconf 90' lang='lat' dir='ltr'>inania</span> <span class='ocrx_word' id='word_1_64' title='bbox 700 1195 755 1241; x_wconf 92' lang='lat' dir='ltr'>seu</span> <span class='ocrx_word' id='word_1_65' title='bbox 778 1195 876 1241; x_wconf 89' lang='lat' dir='ltr'>uaoua</span> <span class='ocrx_word' id='word_1_66' title='bbox 898 1194 959 1241; x_wconf 92' lang='lat' dir='ltr'>non</span> <span class='ocrx_word' id='word_1_67' title='bbox 982 1177 1149 1262; x_wconf 90' lang='lat' dir='ltr'>inoongrue</span> <span class='ocrx_word' id='word_1_68' title='bbox 1172 1179 1330 1261; x_wconf 89' lang='lat' dir='ltr'>appellan-</span> 
     </span>
     <span class='ocr_line' id='line_1_10' title="bbox 208 1280 753 1364; baseline 0.002 -20"><span class='ocrx_word' id='word_1_69' title='bbox 208 1283 258 1344; x_wconf 93' lang='lat' dir='ltr'>tur</span> <span class='ocrx_word' id='word_1_70' title='bbox 280 1281 360 1345; x_wconf 89' lang='lat' dir='ltr'>sieut</span> <span class='ocrx_word' id='word_1_71' title='bbox 381 1281 424 1345; x_wconf 89' lang='lat' dir='ltr'>ait</span> <span class='ocrx_word' id='word_1_72' title='bbox 446 1280 570 1363; x_wconf 90' lang='lat' dir='ltr'>quidam</span> <span class='ocrx_word' id='word_1_73' title='bbox 591 1284 753 1364; x_wconf 83' lang='lat' dir='ltr'>poetarum</span> 
     </span>
    </p>
   </div>
   <div class='ocr_carea' id='block_1_3' title="bbox 293 1407 1243 1496">
    <p class='ocr_par' dir='ltr' id='par_1_3' title="bbox 293 1407 1243 1496">
     <span class='ocr_line' id='line_1_11' title="bbox 293 1407 1243 1496; baseline 0.004 -24"><span class='ocrx_word' id='word_1_74' title='bbox 293 1407 382 1472; x_wconf 82' lang='lat' dir='ltr'>Aera</span> <span class='ocrx_word' id='word_1_75' title='bbox 401 1431 462 1495; x_wconf 78' lang='lat' dir='ltr'>per</span> <span class='ocrx_word' id='word_1_76' title='bbox 484 1431 627 1474; x_wconf 78' lang='lat' dir='ltr'>uacuum</span> <span class='ocrx_word' id='word_1_77' title='bbox 648 1409 737 1473; x_wconf 80' lang='lat' dir='ltr'>saltet</span> <span class='ocrx_word' id='word_1_78' title='bbox 760 1409 944 1474; x_wconf 81' lang='lat' dir='ltr'>iaculabere</span> <span class='ocrx_word' id='word_1_79' title='bbox 967 1433 1082 1496; x_wconf 79' lang='lat' dir='ltr'>corpote</span> <span class='ocrx_word' id='word_1_80' title='bbox 1106 1411 1135 1495; x_wconf 85' lang='lat' dir='ltr'>(I</span> <span class='ocrx_word' id='word_1_81' title='bbox 1157 1409 1243 1495; x_wconf 81' lang='lat'><strong>388).</strong></span> 
     </span>
    </p>
   </div>
   <div class='ocr_carea' id='block_1_4' title="bbox 209 1540 1331 1728">
    <p class='ocr_par' dir='ltr' id='par_1_4' title="bbox 209 1540 1331 1728">
     <span class='ocr_line' id='line_1_12' title="bbox 250 1540 1331 1624; baseline 0 -20"><span class='ocrx_word' id='word_1_82' title='bbox 250 1540 300 1604; x_wconf 85' lang='lat' dir='ltr'>Ad</span> <span class='ocrx_word' id='word_1_83' title='bbox 308 1540 436 1605; x_wconf 89' lang='lat' dir='ltr'>quenoi</span> <span class='ocrx_word' id='word_1_84' title='bbox 448 1540 778 1624; x_wconf 84' lang='lat' dir='ltr'>exemplarOtfridus</span> <span class='ocrx_word' id='word_1_85' title='bbox 790 1542 958 1605; x_wconf 92' lang='lat' dir='ltr'>monaohus</span> <span class='ocrx_word' id='word_1_86' title='bbox 972 1541 1331 1624; x_wconf 86' lang='lat' dir='ltr'>etpresbyterWeissen-</span> 
     </span>
     <span class='ocr_line' id='line_1_13' title="bbox 209 1644 1329 1728; baseline -0.002 -18"><span class='ocrx_word' id='word_1_87' title='bbox 209 1645 371 1728; x_wconf 88' lang='lat' dir='ltr'>burgensis</span> <span class='ocrx_word' id='word_1_88' title='bbox 392 1663 515 1710; x_wconf 89' lang='lat' dir='ltr'>oarmen</span> <span class='ocrx_word' id='word_1_89' title='bbox 539 1663 640 1725; x_wconf 91' lang='lat' dir='ltr'>suum,</span> <span class='ocrx_word' id='word_1_90' title='bbox 663 1646 713 1708; x_wconf 85' lang='lat' dir='ltr'>oui</span> <span class='ocrx_word' id='word_1_91' title='bbox 734 1644 907 1709; x_wconf 83' lang='lat' dir='ltr'>inscribunt</span> <span class='ocrx_word' id='word_1_92' title='bbox 927 1645 1044 1725; x_wconf 88' lang='lat' dir='ltr'>,Krist‘,</span> <span class='ocrx_word' id='word_1_93' title='bbox 1066 1645 1182 1727; x_wconf 81' lang='lat' dir='ltr'>panxit,</span> <span class='ocrx_word' id='word_1_94' title='bbox 1205 1645 1243 1709; x_wconf 88' lang='lat' dir='ltr'>of.</span> <span class='ocrx_word' id='word_1_95' title='bbox 1264 1646 1329 1708; x_wconf 88' lang='lat' dir='ltr'>eius</span> 
     </span>
    </p>
   </div>
   <div class='ocr_carea' id='block_1_5' title="bbox 92 1740 1328 1832">
    <p class='ocr_par' dir='ltr' id='par_1_5' title="bbox 92 1740 1328 1832">
     <span class='ocr_line' id='line_1_14' title="bbox 92 1740 1328 1832; baseline -0.002 -19"><span class='ocrx_word' id='word_1_96' title='bbox 92 1740 94 1745; x_wconf 67' lang='grc'>’</span> <span class='ocrx_word' id='word_1_97' title='bbox 209 1749 370 1832; x_wconf 86' lang='lat' dir='ltr'>epistolam</span> <span class='ocrx_word' id='word_1_98' title='bbox 401 1750 438 1813; x_wconf 89' lang='lat' dir='ltr'>ad</span> <span class='ocrx_word' id='word_1_99' title='bbox 469 1749 664 1813; x_wconf 80' lang='lat' dir='ltr'>liutbertum</span> <span class='ocrx_word' id='word_1_100' title='bbox 698 1749 876 1831; x_wconf 89' lang='lat' dir='ltr'>episeopum</span> <span class='ocrx_word' id='word_1_101' title='bbox 905 1748 1125 1831; x_wconf 90' lang='lat' dir='ltr'>Moguntinum</span> <span class='ocrx_word' id='word_1_102' title='bbox 1155 1766 1235 1812; x_wconf 90' lang='lat' dir='ltr'>auno</span> <span class='ocrx_word' id='word_1_103' title='bbox 1265 1746 1328 1810; x_wconf 81' lang='lat'>865</span> 
     </span>
    </p>
   </div>
   <div class='ocr_carea' id='block_1_6' title="bbox 207 1849 1330 3405">
    <p class='ocr_par' dir='ltr' id='par_1_6' title="bbox 209 1849 1085 1935">
     <span class='ocr_line' id='line_1_15' title="bbox 209 1849 1085 1935; baseline -0.001 -20"><span class='ocrx_word' id='word_1_104' title='bbox 209 1853 314 1916; x_wconf 89' lang='lat' dir='ltr'>datam</span> <span class='ocrx_word' id='word_1_105' title='bbox 337 1850 388 1935; x_wconf 87' lang='lat' dir='ltr'>(of.</span> <span class='ocrx_word' id='word_1_106' title='bbox 404 1852 496 1932; x_wconf 82' lang='lat' dir='ltr'>Jaffo,</span> <span class='ocrx_word' id='word_1_107' title='bbox 518 1853 723 1916; x_wconf 87' lang='lat' dir='ltr'>Monumenta</span> <span class='ocrx_word' id='word_1_108' title='bbox 744 1852 928 1935; x_wconf 90' lang='lat' dir='ltr'>Moguntina</span> <span class='ocrx_word' id='word_1_109' title='bbox 949 1872 978 1935; x_wconf 90' lang='lat' dir='ltr'>p.</span> <span class='ocrx_word' id='word_1_110' title='bbox 995 1849 1085 1935; x_wconf 78' lang='grc'><strong>328);</strong></span> 
     </span>
    </p>

    <p class='ocr_par' dir='ltr' id='par_1_7' title="bbox 207 1955 1330 2868">
     <span class='ocr_line' id='line_1_16' title="bbox 251 1955 1328 2047; baseline -0.002 -28"><span class='ocrx_word' id='word_1_111' title='bbox 251 1956 397 2020; x_wconf 90' lang='lat' dir='ltr'>Petitioni</span> <span class='ocrx_word' id='word_1_112' title='bbox 425 1975 546 2038; x_wconf 88' lang='lat' dir='ltr'>quoque</span> <span class='ocrx_word' id='word_1_113' title='bbox 579 1957 743 2040; x_wconf 87' lang='lat' dir='ltr'>iungentes</span> <span class='ocrx_word' id='word_1_114' title='bbox 777 1956 1020 2047; x_wconf 79' lang='lat' dir='ltr'>queremoniam,</span> <span class='ocrx_word' id='word_1_115' title='bbox 1054 1956 1134 2037; x_wconf 91' lang='lat' dir='ltr'>quod</span> <span class='ocrx_word' id='word_1_116' title='bbox 1167 1955 1328 2038; x_wconf 88' lang='lat' dir='ltr'>gentilium</span> 
     </span>
     <span class='ocr_line' id='line_1_17' title="bbox 209 2058 1329 2143; baseline -0.002 -20"><span class='ocrx_word' id='word_1_117' title='bbox 209 2062 296 2124; x_wconf 88' lang='lat' dir='ltr'>uates</span> <span class='ocrx_word' id='word_1_118' title='bbox 326 2062 362 2130; x_wconf 91' lang='lat' dir='ltr'>ut</span> <span class='ocrx_word' id='word_1_119' title='bbox 383 2060 536 2143; x_wconf 86' lang='lat' dir='ltr'>Vergilius</span> <span class='ocrx_word' id='word_1_120' title='bbox 559 2060 702 2124; x_wconf 82' lang='lat' dir='ltr'>Lucanus</span> <span class='ocrx_word' id='word_1_121' title='bbox 725 2059 854 2124; x_wconf 89' lang='lat' dir='ltr'>Ouidius</span> <span class='ocrx_word' id='word_1_122' title='bbox 885 2060 1057 2141; x_wconf 80' lang='lat' dir='ltr'>caeterique</span> <span class='ocrx_word' id='word_1_123' title='bbox 1079 2058 1329 2141; x_wconf 88' lang='lat' dir='ltr'>quamplurimi,</span> 
     </span>
     <span class='ocr_line' id='line_1_18' title="bbox 209 2162 1329 2247; baseline -0.001 -20"><span class='ocrx_word' id='word_1_124' title='bbox 209 2182 334 2227; x_wconf 91' lang='lat' dir='ltr'>suorum</span> <span class='ocrx_word' id='word_1_125' title='bbox 356 2164 438 2227; x_wconf 85' lang='lat' dir='ltr'>faeta</span> <span class='ocrx_word' id='word_1_126' title='bbox 460 2164 639 2227; x_wconf 78' lang='lat' dir='ltr'>decorarent</span> <span class='ocrx_word' id='word_1_127' title='bbox 657 2165 763 2247; x_wconf 86' lang='lat' dir='ltr'>hugua</span> <span class='ocrx_word' id='word_1_128' title='bbox 778 2164 893 2244; x_wconf 90' lang='lat' dir='ltr'>natina,</span> <span class='ocrx_word' id='word_1_129' title='bbox 914 2181 1044 2245; x_wconf 88' lang='lat' dir='ltr'>qnorum</span> <span class='ocrx_word' id='word_1_130' title='bbox 1058 2163 1122 2227; x_wconf 87' lang='lat' dir='ltr'>iam</span> <span class='ocrx_word' id='word_1_131' title='bbox 1136 2162 1329 2228; x_wconf 88' lang='lat' dir='ltr'>uoluminum</span> 
     </span>
     <span class='ocr_line' id='line_1_19' title="bbox 208 2266 1330 2350; baseline -0.002 -20"><span class='ocrx_word' id='word_1_132' title='bbox 208 2266 296 2330; x_wconf 90' lang='lat' dir='ltr'>dietis</span> <span class='ocrx_word' id='word_1_133' title='bbox 326 2266 474 2331; x_wconf 84' lang='lat' dir='ltr'>fluctuare</span> <span class='ocrx_word' id='word_1_134' title='bbox 504 2267 717 2350; x_wconf 88' lang='lat' dir='ltr'>eognosoimus</span> <span class='ocrx_word' id='word_1_135' title='bbox 747 2267 912 2347; x_wconf 88' lang='lat' dir='ltr'>mundum,</span> <span class='ocrx_word' id='word_1_136' title='bbox 945 2269 1068 2331; x_wconf 91' lang='lat' dir='ltr'>nostrae</span> <span class='ocrx_word' id='word_1_137' title='bbox 1101 2267 1195 2330; x_wconf 89' lang='lat' dir='ltr'>etiam</span> <span class='ocrx_word' id='word_1_138' title='bbox 1228 2268 1330 2330; x_wconf 85' lang='lat' dir='ltr'>aeetae</span> 
     </span>
     <span class='ocr_line' id='line_1_20' title="bbox 208 2368 1329 2453; baseline -0.001 -19"><span class='ocrx_word' id='word_1_139' title='bbox 208 2369 495 2453; x_wconf 89' lang='lat' dir='ltr'>probatissimorum</span> <span class='ocrx_word' id='word_1_140' title='bbox 514 2370 661 2434; x_wconf 69' lang='lat' dir='ltr'>&#39;uirorum</span> <span class='ocrx_word' id='word_1_141' title='bbox 691 2370 774 2434; x_wconf 83' lang='lat' dir='ltr'>faeta</span> <span class='ocrx_word' id='word_1_142' title='bbox 795 2370 962 2434; x_wconf 84' lang='lat' dir='ltr'>laudabant</span> <span class='ocrx_word' id='word_1_143' title='bbox 983 2371 1150 2450; x_wconf 82' lang='lat' dir='ltr'>quenci,</span> <span class='ocrx_word' id='word_1_144' title='bbox 1179 2368 1329 2450; x_wconf 84' lang='lat' dir='ltr'>Aratoris,</span> 
     </span>
     <span class='ocr_line' id='line_1_21' title="bbox 207 2473 1330 2556; baseline -0.001 -19"><span class='ocrx_word' id='word_1_145' title='bbox 207 2473 367 2538; x_wconf 88' lang='lat' dir='ltr'>Prudentii</span> <span class='ocrx_word' id='word_1_146' title='bbox 397 2477 648 2556; x_wconf 83' lang='lat' dir='ltr'>caeterorumque</span> <span class='ocrx_word' id='word_1_147' title='bbox 678 2475 856 2555; x_wconf 89' lang='lat' dir='ltr'>multorum,</span> <span class='ocrx_word' id='word_1_148' title='bbox 887 2474 940 2555; x_wconf 91' lang='lat' dir='ltr'>qui</span> <span class='ocrx_word' id='word_1_149' title='bbox 970 2491 1025 2538; x_wconf 82' lang='lat' dir='ltr'>sua</span> <span class='ocrx_word' id='word_1_150' title='bbox 1054 2473 1161 2556; x_wconf 90' lang='lat' dir='ltr'>lingua</span> <span class='ocrx_word' id='word_1_151' title='bbox 1190 2473 1273 2537; x_wconf 89' lang='lat' dir='ltr'>diota</span> <span class='ocrx_word' id='word_1_152' title='bbox 1299 2475 1330 2537; x_wconf 90' lang='lat' dir='ltr'>ot</span> 
     </span>
     <span class='ocr_line' id='line_1_22' title="bbox 207 2576 1329 2658; baseline -0.003 -16"><span class='ocrx_word' id='word_1_153' title='bbox 207 2579 355 2642; x_wconf 82' lang='lat' dir='ltr'>miracula</span> <span class='ocrx_word' id='word_1_154' title='bbox 378 2576 493 2642; x_wconf 79' lang='lat' dir='ltr'>Christi</span> <span class='ocrx_word' id='word_1_155' title='bbox 516 2578 659 2642; x_wconf 88' lang='lat' dir='ltr'>deoenter</span> <span class='ocrx_word' id='word_1_156' title='bbox 681 2577 847 2652; x_wconf 78' lang='lat' dir='ltr'>ornabant3</span> <span class='ocrx_word' id='word_1_157' title='bbox 874 2595 929 2641; x_wconf 87' lang='lat' dir='ltr'>nos</span> <span class='ocrx_word' id='word_1_158' title='bbox 952 2595 1035 2658; x_wconf 94' lang='lat' dir='ltr'>uero,</span> <span class='ocrx_word' id='word_1_159' title='bbox 1057 2577 1199 2658; x_wconf 88' lang='lat' dir='ltr'>quamuis</span> <span class='ocrx_word' id='word_1_160' title='bbox 1222 2576 1329 2640; x_wconf 90' lang='lat' dir='ltr'>eadem</span> 
     </span>
     <span class='ocr_line' id='line_1_23' title="bbox 207 2672 1327 2764; baseline -0.001 -19"><span class='ocrx_word' id='word_1_161' title='bbox 207 2680 267 2745; x_wconf 89' lang='lat' dir='ltr'>fide</span> <span class='ocrx_word' id='word_1_162' title='bbox 290 2682 458 2763; x_wconf 89' lang='lat' dir='ltr'>eademque</span> <span class='ocrx_word' id='word_1_163' title='bbox 480 2682 579 2764; x_wconf 86' lang='lat' dir='ltr'>gratia</span> <span class='ocrx_word' id='word_1_164' title='bbox 601 2681 743 2746; x_wconf 77' lang='lat' dir='ltr'>instructi</span> <span class='ocrx_word' id='word_1_165' title='bbox 766 2681 938 2746; x_wconf 88' lang='lat' dir='ltr'>diuinorum</span> <span class='ocrx_word' id='word_1_166' title='bbox 954 2681 1120 2745; x_wconf 87' lang='lat' dir='ltr'>uerborum</span> <span class='ocrx_word' id='word_1_167' title='bbox 1135 2672 1327 2764; x_wconf 87' lang='lat' dir='ltr'>splendorem</span> 
     </span>
     <span class='ocr_line' id='line_1_24' title="bbox 208 2783 1242 2868; baseline 0 -20"><span class='ocrx_word' id='word_1_168' title='bbox 208 2785 414 2849; x_wconf 85' lang='lat' dir='ltr'>olarissimum</span> <span class='ocrx_word' id='word_1_169' title='bbox 436 2786 571 2868; x_wconf 85' lang='lat' dir='ltr'>proferre</span> <span class='ocrx_word' id='word_1_170' title='bbox 593 2786 715 2868; x_wconf 88' lang='lat' dir='ltr'>propria</span> <span class='ocrx_word' id='word_1_171' title='bbox 736 2785 843 2868; x_wconf 87' lang='lat' dir='ltr'>lingua</span> <span class='ocrx_word' id='word_1_172' title='bbox 866 2783 1242 2868; x_wconf 81' lang='lat' dir='ltr'>dicebantpigresoere.1)</span> 
     </span>
    </p>

    <p class='ocr_par' dir='ltr' id='par_1_8' title="bbox 207 2888 1329 3282">
     <span class='ocr_line' id='line_1_25' title="bbox 250 2888 1329 2971; baseline -0.005 -16"><span class='ocrx_word' id='word_1_173' title='bbox 250 2888 377 2955; x_wconf 84' lang='lat' dir='ltr'>Saeoulo</span> <span class='ocrx_word' id='word_1_174' title='bbox 400 2889 518 2952; x_wconf 87' lang='lat' dir='ltr'>decimo</span> <span class='ocrx_word' id='word_1_175' title='bbox 539 2889 666 2953; x_wconf 90' lang='lat' dir='ltr'>ineunte</span> <span class='ocrx_word' id='word_1_176' title='bbox 688 2889 814 2954; x_wconf 88' lang='lat' dir='ltr'>quenoi</span> <span class='ocrx_word' id='word_1_177' title='bbox 836 2890 1024 2953; x_wconf 87' lang='lat' dir='ltr'>mentionem</span> <span class='ocrx_word' id='word_1_178' title='bbox 1045 2888 1122 2953; x_wconf 82' lang='lat' dir='ltr'>facit</span> <span class='ocrx_word' id='word_1_179' title='bbox 1140 2888 1329 2971; x_wconf 85' lang='lat' dir='ltr'>Remigius</span> 
     </span>
     <span class='ocr_line' id='line_1_26' title="bbox 208 2986 1329 3076; baseline -0.004 -21"><span class='ocrx_word' id='word_1_180' title='bbox 208 2991 328 3056; x_wconf 85' lang='lat' dir='ltr'>Autiss.</span> <span class='ocrx_word' id='word_1_181' title='bbox 351 2994 389 3056; x_wconf 91' lang='lat' dir='ltr'>de</span> <span class='ocrx_word' id='word_1_182' title='bbox 412 2986 530 3056; x_wconf 80' lang='lat' dir='ltr'>musica</span> <span class='ocrx_word' id='word_1_183' title='bbox 552 2992 612 3076; x_wconf 89' lang='lat' dir='ltr'>(ed.</span> <span class='ocrx_word' id='word_1_184' title='bbox 629 2993 725 3076; x_wconf 89' lang='lat' dir='ltr'>Mign.</span> <span class='ocrx_word' id='word_1_185' title='bbox 747 2990 849 3056; x_wconf 74' lang='grc'><strong>1132</strong></span> <span class='ocrx_word' id='word_1_186' title='bbox 871 3011 900 3074; x_wconf 91' lang='lat' dir='ltr'>p.</span> <span class='ocrx_word' id='word_1_187' title='bbox 917 2991 1007 3075; x_wconf 77' lang='lat' dir='ltr'>9bl):</span> <span class='ocrx_word' id='word_1_188' title='bbox 1031 2992 1208 3075; x_wconf 86' lang='lat' dir='ltr'>strongylus</span> <span class='ocrx_word' id='word_1_189' title='bbox 1230 3013 1329 3072; x_wconf 75' lang='grc' dir='ltr'>στρογ-</span> 
     </span>
     <span class='ocr_line' id='line_1_27' title="bbox 207 3095 1328 3179; baseline -0.002 -22"><span class='ocrx_word' id='word_1_190' title='bbox 207 3098 292 3175; x_wconf 75' lang='grc' dir='ltr'><strong>γύλος</strong></span> <span class='ocrx_word' id='word_1_191' title='bbox 315 3115 424 3160; x_wconf 89' lang='lat' dir='ltr'>uersus</span> <span class='ocrx_word' id='word_1_192' title='bbox 447 3096 565 3176; x_wconf 88' lang='lat' dir='ltr'>dieitur,</span> <span class='ocrx_word' id='word_1_193' title='bbox 588 3096 620 3160; x_wconf 91' lang='lat' dir='ltr'>in</span> <span class='ocrx_word' id='word_1_194' title='bbox 643 3114 703 3179; x_wconf 92' lang='lat' dir='ltr'>quo</span> <span class='ocrx_word' id='word_1_195' title='bbox 725 3097 811 3161; x_wconf 90' lang='lat' dir='ltr'>nulla</span> <span class='ocrx_word' id='word_1_196' title='bbox 833 3114 903 3179; x_wconf 87' lang='lat' dir='ltr'>pars</span> <span class='ocrx_word' id='word_1_197' title='bbox 924 3096 1071 3161; x_wconf 88' lang='lat' dir='ltr'>orationis</span> <span class='ocrx_word' id='word_1_198' title='bbox 1091 3096 1212 3179; x_wconf 89' lang='lat' dir='ltr'>integra</span> <span class='ocrx_word' id='word_1_199' title='bbox 1227 3095 1328 3158; x_wconf 90' lang='lat' dir='ltr'>looum</span> 
     </span>
     <span class='ocr_line' id='line_1_28' title="bbox 210 3198 504 3282; baseline 0.003 -20"><span class='ocrx_word' id='word_1_200' title='bbox 210 3199 294 3282; x_wconf 88' lang='lat' dir='ltr'>pedis</span> <span class='ocrx_word' id='word_1_201' title='bbox 317 3198 446 3280; x_wconf 89' lang='lat' dir='ltr'>obtinet,</span> <span class='ocrx_word' id='word_1_202' title='bbox 470 3202 504 3263; x_wconf 92' lang='lat' dir='ltr'>ut</span> 
     </span>
    </p>

    <p class='ocr_par' dir='ltr' id='par_1_9' title="bbox 306 3318 1226 3405">
     <span class='ocr_line' id='line_1_29' title="bbox 306 3318 1226 3405; baseline -0.001 -25"><span class='ocrx_word' id='word_1_203' title='bbox 306 3318 479 3383; x_wconf 78' lang='lat' dir='ltr'>Inmortole</span> <span class='ocrx_word' id='word_1_204' title='bbox 500 3319 587 3383; x_wconf 80' lang='lat' dir='ltr'>raibe&#39;l</span> <span class='ocrx_word' id='word_1_205' title='bbox 608 3319 721 3383; x_wconf 79' lang='lat' dir='ltr'>mundi</span> <span class='ocrx_word' id='word_1_206' title='bbox 743 3341 889 3405; x_wconf 74' lang='lat' dir='ltr'>compage</span> <span class='ocrx_word' id='word_1_207' title='bbox 910 3329 1035 3383; x_wconf 76' lang='lat' dir='ltr'>terretur</span> <span class='ocrx_word' id='word_1_208' title='bbox 1057 3319 1165 3402; x_wconf 84' lang='lat' dir='ltr'>(praef.</span> <span class='ocrx_word' id='word_1_209' title='bbox 1185 3318 1226 3401; x_wconf 89' lang='lat'>1),</span> 
     </span>
    </p>
   </div>
   <div class='ocr_carea' id='block_1_7' title="bbox 187 3438 1328 3940">
    <p class='ocr_par' dir='ltr' id='par_1_10' title="bbox 207 3438 1225 3523">
     <span class='ocr_line' id='line_1_30' title="bbox 207 3438 1225 3523; baseline -0.003 -19"><span class='ocrx_word' id='word_1_210' title='bbox 207 3443 239 3505; x_wconf 88' lang='lat' dir='ltr'>in</span> <span class='ocrx_word' id='word_1_211' title='bbox 261 3441 319 3504; x_wconf 92' lang='lat' dir='ltr'>hoo</span> <span class='ocrx_word' id='word_1_212' title='bbox 342 3441 422 3505; x_wconf 91' lang='lat' dir='ltr'>enim</span> <span class='ocrx_word' id='word_1_213' title='bbox 445 3460 538 3505; x_wconf 86' lang='lat' dir='ltr'>uersu</span> <span class='ocrx_word' id='word_1_214' title='bbox 560 3443 663 3506; x_wconf 88' lang='lat' dir='ltr'>nullus</span> <span class='ocrx_word' id='word_1_215' title='bbox 685 3460 740 3523; x_wconf 84' lang='lat' dir='ltr'>pes</span> <span class='ocrx_word' id='word_1_216' title='bbox 764 3441 909 3505; x_wconf 89' lang='lat' dir='ltr'>terminat</span> <span class='ocrx_word' id='word_1_217' title='bbox 930 3444 1050 3522; x_wconf 84' lang='lat' dir='ltr'>partem</span> <span class='ocrx_word' id='word_1_218' title='bbox 1073 3438 1225 3503; x_wconf 89' lang='lat' dir='ltr'>orationis.</span> 
     </span>
    </p>

    <p class='ocr_par' dir='ltr' id='par_1_11' title="bbox 187 3542 1328 3940">
     <span class='ocr_line' id='line_1_31' title="bbox 187 3542 1325 3628; baseline -0.003 -19"><span class='ocrx_word' id='word_1_219' title='bbox 187 3551 190 3556; x_wconf 86' lang='grc'><strong>’</strong></span> <span class='ocrx_word' id='word_1_220' title='bbox 250 3544 343 3609; x_wconf 90' lang='lat' dir='ltr'>Hom.</span> <span class='ocrx_word' id='word_1_221' title='bbox 352 3544 414 3608; x_wconf 91' lang='lat' dir='ltr'>VH</span> <span class='ocrx_word' id='word_1_222' title='bbox 429 3544 483 3628; x_wconf 90' lang='lat' dir='ltr'>(ib.</span> <span class='ocrx_word' id='word_1_223' title='bbox 500 3565 530 3627; x_wconf 90' lang='lat' dir='ltr'>p.</span> <span class='ocrx_word' id='word_1_224' title='bbox 547 3543 637 3627; x_wconf 85' lang='lat'>900):</span> <span class='ocrx_word' id='word_1_225' title='bbox 660 3545 740 3608; x_wconf 90' lang='lat' dir='ltr'>Nam</span> <span class='ocrx_word' id='word_1_226' title='bbox 764 3545 815 3608; x_wconf 89' lang='lat' dir='ltr'>alii</span> <span class='ocrx_word' id='word_1_227' title='bbox 831 3544 937 3608; x_wconf 90' lang='lat' dir='ltr'>dieunt</span> <span class='ocrx_word' id='word_1_228' title='bbox 951 3544 1019 3607; x_wconf 91' lang='lat' dir='ltr'>illos</span> <span class='ocrx_word' id='word_1_229' title='bbox 1034 3543 1129 3606; x_wconf 88' lang='lat' dir='ltr'>fuisse</span> <span class='ocrx_word' id='word_1_230' title='bbox 1148 3542 1325 3622; x_wconf 71' lang='lat' dir='ltr'>Chaldaeos</span> 
     </span>
     <span class='ocr_line' id='line_1_32' title="bbox 209 3646 1327 3732; baseline -0.003 -20"><span class='ocrx_word' id='word_1_231' title='bbox 209 3648 355 3712; x_wconf 78' lang='lat' dir='ltr'>Chaldaei</span> <span class='ocrx_word' id='word_1_232' title='bbox 371 3650 453 3711; x_wconf 90' lang='lat' dir='ltr'>enim</span> <span class='ocrx_word' id='word_1_233' title='bbox 470 3650 592 3713; x_wconf 83' lang='lat' dir='ltr'>stollam</span> <span class='ocrx_word' id='word_1_234' title='bbox 606 3668 661 3732; x_wconf 91' lang='lat' dir='ltr'>pro</span> <span class='ocrx_word' id='word_1_235' title='bbox 673 3648 738 3712; x_wconf 89' lang='lat' dir='ltr'>Deo</span> <span class='ocrx_word' id='word_1_236' title='bbox 754 3647 896 3712; x_wconf 79' lang='lat' dir='ltr'>solebant</span> <span class='ocrx_word' id='word_1_237' title='bbox 912 3651 943 3710; x_wconf 87' lang='lat' dir='ltr'>et</span> <span class='ocrx_word' id='word_1_238' title='bbox 957 3647 1068 3711; x_wconf 87' lang='lat' dir='ltr'>ideireo</span> <span class='ocrx_word' id='word_1_239' title='bbox 1081 3647 1230 3726; x_wconf 84' lang='lat' dir='ltr'>dixerunt,</span> <span class='ocrx_word' id='word_1_240' title='bbox 1246 3646 1327 3728; x_wconf 90' lang='lat' dir='ltr'>quod</span> 
     </span>
     <span class='ocr_line' id='line_1_33' title="bbox 208 3748 1328 3834; baseline -0.002 -19"><span class='ocrx_word' id='word_1_241' title='bbox 208 3753 436 3834; x_wconf 80' lang='lat' dir='ltr'>nuncupatiuus</span> <span class='ocrx_word' id='word_1_242' title='bbox 461 3753 534 3816; x_wconf 91' lang='lat' dir='ltr'>dens</span> <span class='ocrx_word' id='word_1_243' title='bbox 558 3770 662 3817; x_wconf 92' lang='lat' dir='ltr'>eorum</span> <span class='ocrx_word' id='word_1_244' title='bbox 685 3752 853 3816; x_wconf 85' lang='lat' dir='ltr'>ostenderit</span> <span class='ocrx_word' id='word_1_245' title='bbox 875 3769 984 3815; x_wconf 86' lang='lat' dir='ltr'>uerum</span> <span class='ocrx_word' id='word_1_246' title='bbox 1000 3751 1100 3814; x_wconf 86' lang='lat' dir='ltr'>Deum</span> <span class='ocrx_word' id='word_1_247' title='bbox 1123 3754 1240 3814; x_wconf 91' lang='lat' dir='ltr'>natum.</span> <span class='ocrx_word' id='word_1_248' title='bbox 1263 3748 1328 3813; x_wconf 80' lang='lat' dir='ltr'>Alii</span> 
     </span>
     <span class='ocr_line' id='line_1_34' title="bbox 210 3854 1235 3940; baseline -0.002 -22"><span class='ocrx_word' id='word_1_249' title='bbox 210 3855 315 3920; x_wconf 84' lang='lat' dir='ltr'>dieunt</span> <span class='ocrx_word' id='word_1_250' title='bbox 336 3856 447 3920; x_wconf 87' lang='lat' dir='ltr'>Persas</span> <span class='ocrx_word' id='word_1_251' title='bbox 470 3857 564 3921; x_wconf 85' lang='lat' dir='ltr'>fuisse</span> <span class='ocrx_word' id='word_1_252' title='bbox 586 3860 710 3940; x_wconf 89' lang='lat' dir='ltr'>propter</span> <span class='ocrx_word' id='word_1_253' title='bbox 730 3856 819 3920; x_wconf 92' lang='lat' dir='ltr'>illum</span> <span class='ocrx_word' id='word_1_254' title='bbox 840 3854 1088 3937; x_wconf 75' lang='lat' dir='ltr'>Metrooarii2)</span> <span class='ocrx_word' id='word_1_255' title='bbox 1111 3873 1235 3917; x_wconf 89' lang='lat' dir='ltr'>uersum</span> 
     </span>
    </p>
   </div>
   <div class='ocr_carea' id='block_1_8' title="bbox 235 3972 1303 4059">
    <p class='ocr_par' dir='ltr' id='par_1_12' title="bbox 235 3972 1303 4059">
     <span class='ocr_line' id='line_1_35' title="bbox 235 3972 1303 4059; baseline 0.004 -23"><span class='ocrx_word' id='word_1_256' title='bbox 235 3974 321 4037; x_wconf 82' lang='lat' dir='ltr'>Tuae</span> <span class='ocrx_word' id='word_1_257' title='bbox 344 3974 432 4038; x_wconf 81' lang='lat' dir='ltr'>a&#39;rebot</span> <span class='ocrx_word' id='word_1_258' title='bbox 454 3985 483 4038; x_wconf 84' lang='lat' dir='ltr'>et</span> <span class='ocrx_word' id='word_1_259' title='bbox 504 3976 619 4039; x_wconf 82' lang='lat' dir='ltr'>Persas</span> <span class='ocrx_word' id='word_1_260' title='bbox 642 3975 770 4039; x_wconf 85' lang='lat' dir='ltr'>celerem</span> <span class='ocrx_word' id='word_1_261' title='bbox 787 3973 980 4059; x_wconf 78' lang='lat' dir='ltr'>protendere</span> <span class='ocrx_word' id='word_1_262' title='bbox 1002 3995 1145 4059; x_wconf 75' lang='lat' dir='ltr'>pressum</span> <span class='ocrx_word' id='word_1_263' title='bbox 1167 3975 1195 4057; x_wconf 91' lang='lat' dir='ltr'>(I</span> <span class='ocrx_word' id='word_1_264' title='bbox 1218 3972 1303 4058; x_wconf 77' lang='lat'>241).</span> 
     </span>
    </p>
   </div>
   <div class='ocr_carea' id='block_1_9' title="bbox 250 4112 925 4268">
    <p class='ocr_par' dir='ltr' id='par_1_13' title="bbox 250 4112 925 4268">
     <span class='ocr_line' id='line_1_36' title="bbox 250 4112 925 4182; baseline 0.001 -18"><span class='ocrx_word' id='word_1_265' title='bbox 250 4115 272 4182; x_wconf 78' lang='grc'>1)</span> <span class='ocrx_word' id='word_1_266' title='bbox 290 4113 323 4167; x_wconf 89' lang='lat' dir='ltr'>of.</span> <span class='ocrx_word' id='word_1_267' title='bbox 336 4113 447 4177; x_wconf 87' lang='lat' dir='ltr'>Marold,</span> <span class='ocrx_word' id='word_1_268' title='bbox 466 4112 614 4178; x_wconf 81' lang='lat' dir='ltr'>Germania,</span> <span class='ocrx_word' id='word_1_269' title='bbox 632 4113 723 4181; x_wconf 80' lang='lat' dir='ltr'>Jehrg.</span> <span class='ocrx_word' id='word_1_270' title='bbox 739 4115 812 4176; x_wconf 88' lang='grc'><strong>1886,</strong></span> <span class='ocrx_word' id='word_1_271' title='bbox 830 4129 855 4181; x_wconf 85' lang='lat' dir='ltr'>p.</span> <span class='ocrx_word' id='word_1_272' title='bbox 870 4115 925 4167; x_wconf 83' lang='lat'>119.</span> 
     </span>
     <span class='ocr_line' id='line_1_37' title="bbox 252 4197 883 4268; baseline -0.005 -14"><span class='ocrx_word' id='word_1_273' title='bbox 252 4201 272 4266; x_wconf 73' lang='lat'>²)</span> <span class='ocrx_word' id='word_1_274' title='bbox 290 4201 360 4254; x_wconf 64' lang='lat' dir='ltr'>dios</span> <span class='ocrx_word' id='word_1_275' title='bbox 379 4197 464 4252; x_wconf 86' lang='lat' dir='ltr'>metro</span> <span class='ocrx_word' id='word_1_276' title='bbox 482 4198 595 4265; x_wconf 87' lang='lat' dir='ltr'>Canerii,</span> <span class='ocrx_word' id='word_1_277' title='bbox 613 4202 647 4268; x_wconf 83' lang='lat' dir='ltr'>os.</span> <span class='ocrx_word' id='word_1_278' title='bbox 660 4217 744 4268; x_wconf 80' lang='lat' dir='ltr'>supra</span> <span class='ocrx_word' id='word_1_279' title='bbox 761 4216 785 4268; x_wconf 89' lang='lat' dir='ltr'>p.</span> <span class='ocrx_word' id='word_1_280' title='bbox 798 4198 883 4252; x_wconf 89' lang='lat' dir='ltr'>XVII.</span> 
     </span>
    </p>
   </div>
   <div class='ocr_carea' id='block_1_10' title="bbox 0 0 1474 4672">
    <p class='ocr_par' dir='ltr' id='par_1_14' title="bbox 0 0 1474 4672">
     <span class='ocr_line' id='line_1_38' title="bbox 0 0 1474 4672; baseline 0 0"><span class='ocrx_word' id='word_1_281' title='bbox 0 0 1474 4672; x_wconf 95' lang='lat' dir='ltr'> </span> 
     </span>
    </p>
   </div>
  </div>
 </body>
</html>
