2940 4672
623 271 858 342 Prolegomeno.
1246 274 1298 329 VII
1375 267 1378 273 ’

185 441 342 506 historiam
364 442 491 507 Domini
513 442 679 511 Saluatcris
706 446 846 510 uersibus
873 447 1034 527 explioauit
1059 466 1115 511 nec
1140 448 1298 530 pertimuit

185 546 336 629 euangelii
358 547 552 612 maiestatem
574 548 631 613 sub
652 551 742 614 metri
757 550 843 633 leges
856 549 1003 624 mittere‘;
1027 551 1120 615 etiam
1135 552 1167 615 in
1179 551 1296 617 domm.

183 765 286 821 Floruit
303 767 345 821 uir
361 768 410 822 iste
422 769 584 838 temporibus
596 769 762 826 Constantini
772 770 906 840 principis.
925 769 1026 825 Videtis
1038 772 1145 840 quidem
1156 773 1220 837 istm
1237 789 1297 827 neo·

184 852 248 906 dum
265 852 317 906 ista
332 853 479 923 adoptionis
489 854 533 908 uel
545 855 746 925 nuncupationis
757 855 869 909 haeresis
882 855 909 908 iu
921 856 1048 925 Hispania
1059 857 1117 912 fuit.
1141 857 1196 912 sut
1207 858 1296 922 istum,

173 939 227 1006 ¹(pri
245 938 315 1007 apud
336 955 383 996 uos
401 939 567 994 doctissimus
585 943 670 995 exstat
687 941 820 1010 magister,
841 941 1001 996 haereticum
1023 942 1144 1008 iudicate,
1167 943 1211 1011 qui
1233 943 1298 997 dicit

182 1024 252 1078 hune
269 1025 355 1079 Deum
373 1042 428 1079 esse
445 1029 472 1080 et
488 1027 623 1097 proprium
640 1027 726 1082 filium
743 1028 801 1092 Dei,
819 1028 864 1095 qui
882 1044 911 1081 er
922 1028 1029 1097 Virgine
1048 1032 1124 1083 natus
1142 1033 1194 1094 est;
1212 1033 1258 1084 aut
1275 1030 1297 1083 si

182 1110 259 1164 illum
276 1110 389 1182 recipere
407 1111 496 1176 uultis,
514 1115 629 1167 uestram
648 1113 803 1167 sententiam
822 1113 953 1179 damnate,
971 1115 1014 1168 uel
1031 1115 1114 1184 magis
1133 1115 1255 1185 corrigite
1267 1132 1297 1169 ex

180 1197 237 1251 eius
250 1213 334 1260 sensu,
353 1202 525 1253 consentanea
542 1200 587 1267 qui
604 1199 705 1269 profert
715 1200 867 1254 testimonia
878 1200 974 1254 sanetis
986 1199 1117 1265 Patribus,
1131 1201 1175 1269 qui
1188 1200 1297 1256 diuersis

183 1283 276 1342 mundi
293 1284 454 1354 temporibus
472 1302 518 1354 per
534 1285 638 1354 singula
654 1285 799 1340 floruerunt
814 1287 879 1340 loca.

224 1369 423 1440 Frecnlphus
432 1371 567 1440 episcopus
577 1371 743 1427 Lexouiensis
752 1373 780 1426 in
790 1371 918 1428 Chronico
931 1372 974 1441 (ei.
984 1374 1065 1442 hiign.
1075 1376 1095 1428 t.
1106 1376 1162 1439 106,
1171 1390 1197 1443 p.
1209 1373 1296 1442 molt:

181 1455 312 1509 quencus
334 1456 490 1511 nobilissimi
511 1457 613 1526 generis
630 1457 762 1527 Hispanus
780 1457 916 1527 presbyter
936 1462 1049 1527 quatuor
1065 1459 1200 1528 euangelia
1219 1459 1296 1513 hexa-

182 1542 274 1596 metris
291 1542 410 1597 uersibus
432 1560 496 1613 pene
518 1542 552 1597 ad
569 1542 679 1598 uerbum
696 1544 856 1598 transferens
878 1548 991 1613 quatuor
1007 1545 1088 1599 libros
1106 1546 1253 1615 composuit
1269 1548 1296 1600 et

182 1628 308 1682 nonnulla
325 1629 416 1683 eodem
433 1632 518 1684 metro
535 1629 569 1683 ad
580 1631 802 1685 sacramentorum
815 1630 933 1684 ordinem
944 1631 1109 1701 pertinentia.
1127 1630 1231 1686 Floruit
1247 1630 1295 1686 sub

182 1713 355 1769 Constantino
372 1715 497 1785 principe.

223 1800 290 1855 auo
301 1800 493 1856 Viennensis
511 1802 540 1856 in
557 1803 678 1858 chronico
696 1802 745 1858 sub
758 1804 930 1861 Constantino
948 1803 991 1872 (ci.
1004 1805 1086 1872 Migo.
1099 1806 1118 1858 t.
1132 1806 1190 1869 123,
1201 1820 1226 1873 p.
1239 1805 1295 1873 aab

181 1886 271 1940 Retius
289 1886 533 1956 augustodunensis
555 1889 689 1960 episeopus
711 1890 892 1944 celeberrimae
917 1890 1001 1944 famae
1023 1890 1135 1944 habetur
1156 1892 1183 1944 et
1199 1890 1295 1944 quen·

181 1987 227 2026 cus
249 1972 383 2042 presbyter
400 1973 534 2043 Hispanus
555 1975 600 2043 qui
620 1975 777 2030 hexametris
794 1976 911 2030 uersibus
933 1979 1047 2045 quatuor
1067 1975 1149 2031 libros
1167 1975 1296 2044 euangelii

182 2059 335 2128 composuit.
589 2065 592 2070 '

224 2145 313 2215 Hugo
332 2145 591 2216 Trimbergensis
613 2146 656 2215 (of.
675 2148 827 2217 Registrum
848 2148 993 2202 multorum
1010 2150 1147 2202 auctorum
1169 2165 1194 2202 n.
1211 2151 1262 2206 408
1274 2165 1294 2202 s.

180 2230 222 2285 ed.
239 2231 376 2302 Huemer):

418 2319 557 2388 Iunonem,
575 2319 739 2388 euangelicos
756 2321 835 2374 etiam
853 2324 936 2388 poeta,

419 2406 542 2475 Sequitur
559 2406 695 2460 sedulium
712 2405 761 2460 sub
779 2406 865 2475 equali
882 2409 960 2472 meta,

418 2490 502 2557 Quem
519 2497 546 2546 et
563 2492 591 2545 in
609 2492 726 2560 catalogo
743 2492 888 2546 Ieronimus
906 2492 1025 2546 laudauit

418 2578 453 2632 nt
470 2577 501 2640 de
519 2577 680 2646 breuiloquio
698 2578 761 2632 satis
780 2576 996 2632 commendauit

418 2662 528 2733 Scripsit
545 2664 588 2717 hie
605 2665 632 2717 in
650 2667 767 2733 tempore
785 2664 854 2732 regis
872 2663 1038 2720 Constantini

418 2748 468 2815 Qui
486 2752 513 2804 et
530 2750 615 2804 cultor
631 2750 732 2804 exstitit
749 2750 833 2818 operis
852 2749 947 2803 diuini:

418 2839 563 2892 Inmortalc
579 2839 621 2892 nil
638 2837 733 2892 meoadi
749 2842 866 2906 conpdpc
883 2843 991 2899 metor,

417 2924 484 2980 Nou
500 2941 579 2990 merc,
596 2941 652 2980 aco
668 2925 753 2991 uuus,
770 2940 826 2978 noo
842 2924 921 2992 lycea
937 2924 1027 2978 sidua
1044 2924 1093 2978 oeli
1107 2925 1112 2989 t
1127 2924 1234 2978 Nom..

222 3060 638 3130 ConradusHirsaugiensis
654 3061 683 3114 in
695 3059 798 3129 dialogo
810 3076 887 3129 snper
896 3062 1014 3114 auctores
1024 3077 1049 3130 p.
1059 3063 1091 3116 41
1103 3061 1293 3130 (ed.Sohepss):

180 3186 195 3210 ,.
216 3191 220 3200 .
241 3189 246 3200 .
264 3146 327 3200 Ibrit
349 3149 439 3201 auctor
459 3146 529 3201 idem
551 3145 712 3216 temporibus
731 3146 896 3202 Constantini
912 3146 1045 3215 principis,
1067 3146 1200 3217 Hispanus
1223 3145 1293 3200 idem

180 3236 207 3286 et
224 3233 381 3287 nobilissimi
398 3233 508 3301 generis,
526 3233 663 3287 exametris
681 3231 799 3286 uersibus
817 3236 928 3300 quatuor
937 3231 1018 3286 libros
1031 3231 1063 3285 de
1074 3233 1216 3301 euangeliis
1227 3248 1292 3302 pene

180 3320 290 3373 uerbum
312 3319 346 3373 ad
366 3319 478 3374 uerbum
500 3319 658 3373 transferens
680 3322 708 3373 et
728 3318 854 3373 nonnulla
875 3318 966 3372 eodem
988 3322 1072 3372 metro
1093 3318 1126 3372 ad
1147 3334 1292 3372 sacramen-

180 3409 267 3459 torum
284 3406 401 3460 ordinem
419 3406 591 3476 pertinentia‘.
881 3410 882 3413 ’

222 3492 383 3546 Honorius
404 3491 712 3561 Augustodunenses
734 3491 766 3545 de
788 3492 876 3561 script.
894 3491 955 3544 ecel.
971 3490 985 3544 1
1003 3506 1024 3545 c.
1042 3493 1074 3548 85
1093 3490 1142 3560 (ed.
1156 3490 1292 3544 Fabricius

179 3595 204 3646 p.
217 3577 272 3645 78):
290 3579 419 3631 quencus
438 3577 594 3631 nobilissimi
611 3577 713 3646 generis
725 3577 858 3646 Hispanus
875 3576 1012 3647 presbyter
1029 3578 1141 3644 quatuor
1157 3575 1294 3644 euangelia

178 3664 336 3718 hexametris
353 3664 472 3717 uersibus
490 3666 602 3732 quatuor
617 3663 691 3717 libris
709 3663 856 3732 composuit
872 3667 899 3717 et
916 3662 1042 3716 nonnulla
1059 3661 1150 3716 eodem
1163 3666 1246 3716 metro
1259 3661 1291 3716 ad

179 3753 402 3803 sacramentorum
420 3749 537 3803 ordinem
554 3750 719 3819 pertinentia.
737 3749 840 3803 Floruit
858 3747 906 3802 sub
925 3747 1104 3804 Constantino.

221 3835 380 3889 Iohannes
402 3836 602 3890 Trithemius
629 3835 771 3905 descript.
795 3835 856 3890 ecel.
880 3851 901 3888 c.
925 3837 968 3890 62:
1000 3833 1130 3888 quenous
1154 3833 1290 3903 presbiter,
1387 3901 1390 3907 ,

179 3922 284 3975 nodone
300 3922 441 3990 Hispanus,
460 3922 501 3974 uir
519 3921 613 3975 nobilis
631 3924 708 3989 atque
726 3921 893 3975 doctissimus
906 3920 1083 3989 philosophus,
1101 3923 1184 3990 poeta,
1203 3920 1292 3974 rhetor

179 4011 205 4061 et
221 4008 358 4077 theologus
380 4008 490 4076 insignis
512 4009 539 4061 et
561 4023 613 4061 non
635 4008 722 4061 miuus
740 4008 936 4061 conuersatione
954 4022 1031 4074 quam
1049 4007 1158 4061 scientia
1179 4007 1291 4075 scriptu-

178 4111 267 4147 rarum
284 4094 405 4148 ecclesiae
422 4092 586 4158 uenerabilis,
608 4093 692 4147 edidit
708 4109 756 4162 pro
773 4093 952 4147 aedificatione
969 4092 1112 4161 legentium
1134 4096 1189 4146 tam
1207 4096 1291 4146 metro

179 4197 256 4248 quarn
274 4197 350 4249 prosa
367 4180 452 4234 multa
468 4180 600 4248 praeclara
611 4179 754 4244 uolumina,
772 4180 817 4233 sed
830 4196 912 4248 pauca
923 4196 1013 4233 eorum
1026 4178 1060 4232 ad
1071 4179 1192 4232 notitiam
1205 4193 1289 4232 meam
