<?xml version="1.0" encoding="UTF-8"?>
<!DOCTYPE html PUBLIC "-//W3C//DTD XHTML 1.0 Transitional//EN"
    "http://www.w3.org/TR/xhtml1/DTD/xhtml1-transitional.dtd">
<html xmlns="http://www.w3.org/1999/xhtml" xml:lang="en" lang="en">
 <head>
  <title>
</title>
<meta http-equiv="Content-Type" content="text/html;charset=utf-8" />
  <meta name='ocr-system' content='tesseract 3.04.00' />
  <meta name='ocr-capabilities' content='ocr_page ocr_carea ocr_par ocr_line ocrx_word'/>
</head>
<body>
  <div class='ocr_page' id='page_1' title='image "./gaivettiaqvilin01huemgoog_0023.png"; bbox 0 0 2940 4672; ppageno 0'>
   <div class='ocr_carea' id='block_1_1' title="bbox 226 217 904 308">
    <p class='ocr_par' dir='ltr' id='par_1_1' title="bbox 226 217 904 308">
     <span class='ocr_line' id='line_1_1' title="bbox 226 217 904 308; baseline 0.003 -16"><span class='ocrx_word' id='word_1_1' title='bbox 226 239 288 292; x_wconf 87' lang='lat' dir='ltr'><strong>XVI</strong></span> <span class='ocrx_word' id='word_1_2' title='bbox 309 217 311 222; x_wconf 20' lang='grc' dir='ltr'>Ι</span> <span class='ocrx_word' id='word_1_3' title='bbox 666 239 904 308; x_wconf 80' lang='lat' dir='ltr'><strong>Prolegomena.</strong></span> 
     </span>
    </p>
   </div>
   <div class='ocr_carea' id='block_1_2' title="bbox 223 414 1343 708">
    <p class='ocr_par' dir='ltr' id='par_1_2' title="bbox 223 414 1343 708">
     <span class='ocr_line' id='line_1_2' title="bbox 228 414 1341 495; baseline 0.003 -17"><span class='ocrx_word' id='word_1_4' title='bbox 228 414 293 478; x_wconf 77' lang='lat' dir='ltr'><strong>Tua</strong></span> <span class='ocrx_word' id='word_1_5' title='bbox 314 433 397 494; x_wconf 87' lang='lat' dir='ltr'><strong>uero,</strong></span> <span class='ocrx_word' id='word_1_6' title='bbox 420 415 467 477; x_wconf 86' lang='lat' dir='ltr'><strong>uir</strong></span> <span class='ocrx_word' id='word_1_7' title='bbox 489 415 672 495; x_wconf 89' lang='lat' dir='ltr'><strong>uenerande,</strong></span> <span class='ocrx_word' id='word_1_8' title='bbox 696 415 842 478; x_wconf 90' lang='lat' dir='ltr'><strong>sanctitas</strong></span> <span class='ocrx_word' id='word_1_9' title='bbox 861 414 990 478; x_wconf 76' lang='lat' dir='ltr'><strong>honoret</strong></span> <span class='ocrx_word' id='word_1_10' title='bbox 1011 415 1216 480; x_wconf 87' lang='lat' dir='ltr'><strong>ministerium</strong></span> <span class='ocrx_word' id='word_1_11' title='bbox 1238 419 1341 481; x_wconf 92' lang='lat' dir='ltr'><strong>tuum:</strong></span> 
     </span>
     <span class='ocr_line' id='line_1_3' title="bbox 227 517 1343 601; baseline 0.002 -20"><span class='ocrx_word' id='word_1_12' title='bbox 227 518 369 601; x_wconf 87' lang='lat' dir='ltr'><strong>praedica</strong></span> <span class='ocrx_word' id='word_1_13' title='bbox 397 520 543 600; x_wconf 86' lang='lat' dir='ltr'><strong>oportune</strong></span> <span class='ocrx_word' id='word_1_14' title='bbox 572 517 753 600; x_wconf 85' lang='lat' dir='ltr'><strong>inoportuns</strong></span> <span class='ocrx_word' id='word_1_15' title='bbox 785 521 815 582; x_wconf 90' lang='lat' dir='ltr'><strong>et</strong></span> <span class='ocrx_word' id='word_1_16' title='bbox 844 520 879 581; x_wconf 91' lang='lat' dir='ltr'><strong>ut</strong></span> <span class='ocrx_word' id='word_1_17' title='bbox 906 520 1061 601; x_wconf 77' lang='lat' dir='ltr'>trapezeta</span> <span class='ocrx_word' id='word_1_18' title='bbox 1088 519 1211 601; x_wconf 87' lang='lat' dir='ltr'><strong>sapiens</strong></span> <span class='ocrx_word' id='word_1_19' title='bbox 1238 520 1343 584; x_wconf 91' lang='lat' dir='ltr'><strong>multi-</strong></span> 
     </span>
     <span class='ocr_line' id='line_1_4' title="bbox 223 612 1304 708; baseline 0.003 -24"><span class='ocrx_word' id='word_1_20' title='bbox 223 621 307 708; x_wconf 83' lang='lat' dir='ltr'><strong>plica</strong></span> <span class='ocrx_word' id='word_1_21' title='bbox 328 623 490 705; x_wconf 89' lang='lat' dir='ltr'><strong>pecuniam</strong></span> <span class='ocrx_word' id='word_1_22' title='bbox 512 621 637 702; x_wconf 92' lang='lat' dir='ltr'><strong>domini,</strong></span> <span class='ocrx_word' id='word_1_23' title='bbox 660 625 694 685; x_wconf 88' lang='lat' dir='ltr'><strong>ut</strong></span> <span class='ocrx_word' id='word_1_24' title='bbox 717 622 843 685; x_wconf 85' lang='lat' dir='ltr'><strong>donaria</strong></span> <span class='ocrx_word' id='word_1_25' title='bbox 864 622 1004 685; x_wconf 82' lang='lat' dir='ltr'><strong>mercede</strong></span> <span class='ocrx_word' id='word_1_26' title='bbox 1028 612 1138 705; x_wconf 83' lang='lat' dir='ltr'><strong>dignus</strong></span> <span class='ocrx_word' id='word_1_27' title='bbox 1163 623 1304 688; x_wconf 86' lang='lat' dir='ltr'><strong>efficiaris</strong></span> 
     </span>
    </p>
   </div>
   <div class='ocr_carea' id='block_1_3' title="bbox 351 731 1271 923">
    <p class='ocr_par' dir='ltr' id='par_1_3' title="bbox 351 731 1271 923">
     <span class='ocr_line' id='line_1_5' title="bbox 352 731 1271 820; baseline 0.001 -25"><span class='ocrx_word' id='word_1_28' title='bbox 352 732 421 796; x_wconf 86' lang='lat' dir='ltr'><strong>Hoc</strong></span> <span class='ocrx_word' id='word_1_29' title='bbox 443 754 522 817; x_wconf 82' lang='lat' dir='ltr'><strong>opas</strong></span> <span class='ocrx_word' id='word_1_30' title='bbox 546 734 601 796; x_wconf 87' lang='lat' dir='ltr'><strong>boc</strong></span> <span class='ocrx_word' id='word_1_31' title='bbox 623 733 734 796; x_wconf 83' lang='lat' dir='ltr'><strong>etenim</strong></span> <span class='ocrx_word' id='word_1_32' title='bbox 749 731 871 818; x_wconf 79' lang='lat' dir='ltr'><strong>forsan</strong></span> <span class='ocrx_word' id='word_1_33' title='bbox 894 743 922 795; x_wconf 86' lang='lat' dir='ltr'><strong>tc</strong></span> <span class='ocrx_word' id='word_1_34' title='bbox 944 731 1107 796; x_wconf 75' lang='lat' dir='ltr'><strong><em>subtrahit</em></strong></span> <span class='ocrx_word' id='word_1_35' title='bbox 1128 734 1207 820; x_wconf 74' lang='lat' dir='ltr'><strong>ipni,</strong></span> <span class='ocrx_word' id='word_1_36' title='bbox 1268 801 1271 805; x_wconf 57' lang='grc'><strong>,</strong></span> 
     </span>
     <span class='ocr_line' id='line_1_6' title="bbox 351 834 1223 923; baseline 0.001 -24"><span class='ocrx_word' id='word_1_37' title='bbox 351 835 420 899; x_wconf 87' lang='lat' dir='ltr'><strong>Hoc</strong></span> <span class='ocrx_word' id='word_1_38' title='bbox 442 858 521 923; x_wconf 83' lang='lat' dir='ltr'><strong>opus</strong></span> <span class='ocrx_word' id='word_1_39' title='bbox 545 837 600 899; x_wconf 81' lang='lat' dir='ltr'><strong>boc</strong></span> <span class='ocrx_word' id='word_1_40' title='bbox 622 836 733 900; x_wconf 77' lang='lat' dir='ltr'><strong>etenim</strong></span> <span class='ocrx_word' id='word_1_41' title='bbox 755 834 883 899; x_wconf 76' lang='lat' dir='ltr'><strong>caelesti</strong></span> <span class='ocrx_word' id='word_1_42' title='bbox 905 847 933 900; x_wconf 84' lang='lat' dir='ltr'><strong>tc</strong></span> <span class='ocrx_word' id='word_1_43' title='bbox 955 837 1071 900; x_wconf 53' lang='lat' dir='ltr'><strong>‘iacuerit</strong></span> <span class='ocrx_word' id='word_1_44' title='bbox 1094 835 1223 922; x_wconf 82' lang='lat' dir='ltr'><strong>cclco&#39;)</strong></span> 
     </span>
    </p>
   </div>
   <div class='ocr_carea' id='block_1_4' title="bbox 221 950 1338 1449">
    <p class='ocr_par' dir='ltr' id='par_1_4' title="bbox 224 950 400 1032">
     <span class='ocr_line' id='line_1_7' title="bbox 224 950 400 1032; baseline 0.006 -19"><span class='ocrx_word' id='word_1_45' title='bbox 224 950 281 1014; x_wconf 94' lang='lat' dir='ltr'><strong>hoc</strong></span> <span class='ocrx_word' id='word_1_46' title='bbox 301 953 400 1032; x_wconf 92' lang='lat' dir='ltr'><strong>poeta.</strong></span> 
     </span>
    </p>

    <p class='ocr_par' dir='ltr' id='par_1_5' title="bbox 221 1052 1338 1449">
     <span class='ocr_line' id='line_1_8' title="bbox 264 1052 1338 1139; baseline 0.001 -23"><span class='ocrx_word' id='word_1_47' title='bbox 264 1052 351 1117; x_wconf 87' lang='lat' dir='ltr'>Idem</span> <span class='ocrx_word' id='word_1_48' title='bbox 365 1054 397 1117; x_wconf 93' lang='lat' dir='ltr'><strong>in</strong></span> <span class='ocrx_word' id='word_1_49' title='bbox 413 1053 490 1117; x_wconf 92' lang='lat' dir='ltr'><strong>libro</strong></span> <span class='ocrx_word' id='word_1_50' title='bbox 507 1054 639 1117; x_wconf 89' lang='lat' dir='ltr'><strong>secundo</strong></span> <span class='ocrx_word' id='word_1_51' title='bbox 656 1053 802 1118; x_wconf 87' lang='lat' dir='ltr'><strong>aduersus</strong></span> <span class='ocrx_word' id='word_1_52' title='bbox 819 1053 953 1117; x_wconf 79' lang='lat' dir='ltr'><strong>Felicem</strong></span> <span class='ocrx_word' id='word_1_53' title='bbox 973 1052 1031 1118; x_wconf 78' lang='lat' dir='ltr'><strong>cb</strong></span> <span class='ocrx_word' id='word_1_54' title='bbox 1051 1053 1103 1136; x_wconf 85' lang='lat' dir='ltr'><strong>(cf.</strong></span> <span class='ocrx_word' id='word_1_55' title='bbox 1120 1054 1217 1139; x_wconf 85' lang='lat' dir='ltr'><strong>Mign.</strong></span> <span class='ocrx_word' id='word_1_56' title='bbox 1230 1058 1252 1120; x_wconf 87' lang='lat' dir='ltr'><strong>t.</strong></span> <span class='ocrx_word' id='word_1_57' title='bbox 1268 1052 1338 1136; x_wconf 90' lang='lat'><strong>101,</strong></span> 
     </span>
     <span class='ocr_line' id='line_1_9' title="bbox 224 1154 1337 1240; baseline 0.005 -23"><span class='ocrx_word' id='word_1_58' title='bbox 224 1154 313 1240; x_wconf 79' lang='lat'><strong>152):</strong></span> <span class='ocrx_word' id='word_1_59' title='bbox 325 1155 369 1220; x_wconf 86' lang='lat' dir='ltr'><strong>At</strong></span> <span class='ocrx_word' id='word_1_60' title='bbox 379 1157 406 1220; x_wconf 90' lang='lat' dir='ltr'><strong>si</strong></span> <span class='ocrx_word' id='word_1_61' title='bbox 417 1157 523 1221; x_wconf 91' lang='lat' dir='ltr'><strong>mundi</strong></span> <span class='ocrx_word' id='word_1_62' title='bbox 535 1155 707 1221; x_wconf 85' lang='lat' dir='ltr'><strong>doctoribus</strong></span> <span class='ocrx_word' id='word_1_63' title='bbox 717 1157 826 1221; x_wconf 89' lang='lat' dir='ltr'><strong>ceteris</strong></span> <span class='ocrx_word' id='word_1_64' title='bbox 836 1156 923 1221; x_wconf 90' lang='lat' dir='ltr'><strong>uobis</strong></span> <span class='ocrx_word' id='word_1_65' title='bbox 933 1175 994 1221; x_wconf 91' lang='lat' dir='ltr'><strong>non</strong></span> <span class='ocrx_word' id='word_1_66' title='bbox 1004 1158 1076 1222; x_wconf 89' lang='lat' dir='ltr'><strong>licet</strong></span> <span class='ocrx_word' id='word_1_67' title='bbox 1084 1159 1215 1238; x_wconf 89' lang='lat' dir='ltr'><strong>credere,</strong></span> <span class='ocrx_word' id='word_1_68' title='bbox 1228 1159 1337 1223; x_wconf 89' lang='lat' dir='ltr'><strong>uestris</strong></span> 
     </span>
     <span class='ocr_line' id='line_1_10' title="bbox 222 1258 1338 1344; baseline 0.004 -22"><span class='ocrx_word' id='word_1_69' title='bbox 222 1260 331 1323; x_wconf 89' lang='lat' dir='ltr'><strong>saltem</strong></span> <span class='ocrx_word' id='word_1_70' title='bbox 351 1260 534 1324; x_wconf 78' lang='lat' dir='ltr'><strong>doctissimis</strong></span> <span class='ocrx_word' id='word_1_71' title='bbox 553 1260 626 1324; x_wconf 86' lang='lat' dir='ltr'><strong>uiris</strong></span> <span class='ocrx_word' id='word_1_72' title='bbox 649 1260 770 1324; x_wconf 88' lang='lat' dir='ltr'><strong>credite.</strong></span> <span class='ocrx_word' id='word_1_73' title='bbox 810 1258 927 1324; x_wconf 82' lang='lat' dir='ltr'><strong>Oecinit</strong></span> <span class='ocrx_word' id='word_1_74' title='bbox 951 1259 1104 1325; x_wconf 87' lang='lat' dir='ltr'><strong>quenous</strong></span> <span class='ocrx_word' id='word_1_75' title='bbox 1127 1261 1287 1344; x_wconf 78' lang='lat' dir='ltr'><strong>presbyter</strong></span> <span class='ocrx_word' id='word_1_76' title='bbox 1307 1265 1338 1326; x_wconf 90' lang='lat' dir='ltr'><strong>et</strong></span> 
     </span>
     <span class='ocr_line' id='line_1_11' title="bbox 221 1363 1336 1449; baseline 0.002 -22"><span class='ocrx_word' id='word_1_77' title='bbox 221 1363 414 1428; x_wconf 86' lang='lat' dir='ltr'><strong>doctissimus</strong></span> <span class='ocrx_word' id='word_1_78' title='bbox 423 1364 579 1447; x_wconf 88' lang='lat' dir='ltr'><strong>Hispanus</strong></span> <span class='ocrx_word' id='word_1_79' title='bbox 589 1364 788 1449; x_wconf 88' lang='lat' dir='ltr'><strong>scholasticus</strong></span> <span class='ocrx_word' id='word_1_80' title='bbox 796 1365 829 1427; x_wconf 91' lang='lat' dir='ltr'><strong>in</strong></span> <span class='ocrx_word' id='word_1_81' title='bbox 839 1365 973 1428; x_wconf 89' lang='lat' dir='ltr'><strong>carmine</strong></span> <span class='ocrx_word' id='word_1_82' title='bbox 987 1364 1164 1448; x_wconf 82' lang='lat' dir='ltr'><strong>coangelico</strong></span> <span class='ocrx_word' id='word_1_83' title='bbox 1177 1366 1234 1429; x_wconf 94' lang='lat' dir='ltr'><strong>hoc</strong></span> <span class='ocrx_word' id='word_1_84' title='bbox 1246 1366 1336 1430; x_wconf 94' lang='lat' dir='ltr'><strong>modo</strong></span> 
     </span>
    </p>
   </div>
   <div class='ocr_carea' id='block_1_5' title="bbox 321 1483 1247 1674">
    <p class='ocr_par' dir='ltr' id='par_1_6' title="bbox 321 1483 1247 1674">
     <span class='ocr_line' id='line_1_12' title="bbox 323 1483 1091 1569; baseline 0.004 -23"><span class='ocrx_word' id='word_1_85' title='bbox 323 1483 396 1546; x_wconf 83' lang='lat' dir='ltr'><strong>Non</strong></span> <span class='ocrx_word' id='word_1_86' title='bbox 419 1494 477 1547; x_wconf 82' lang='lat' dir='ltr'><strong>cca</strong></span> <span class='ocrx_word' id='word_1_87' title='bbox 499 1484 676 1569; x_wconf 75' lang='lat' dir='ltr'><strong>concipient</strong></span> <span class='ocrx_word' id='word_1_88' title='bbox 697 1483 825 1548; x_wconf 71' lang='lat' dir='ltr'><strong>ccelmtc&#39;</strong></span> <span class='ocrx_word' id='word_1_89' title='bbox 847 1485 976 1548; x_wconf 78' lang='lat' dir='ltr'><strong>uiscera</strong></span> <span class='ocrx_word' id='word_1_90' title='bbox 997 1485 1091 1549; x_wconf 80' lang='lat' dir='ltr'><strong>icccc</strong></span> 
     </span>
     <span class='ocr_line' id='line_1_13' title="bbox 321 1586 1247 1674; baseline 0 -24"><span class='ocrx_word' id='word_1_91' title='bbox 321 1587 454 1666; x_wconf 83' lang='lat' dir='ltr'><strong>Natum,</strong></span> <span class='ocrx_word' id='word_1_92' title='bbox 477 1609 566 1672; x_wconf 82' lang='lat' dir='ltr'><strong>pacm</strong></span> <span class='ocrx_word' id='word_1_93' title='bbox 589 1610 722 1673; x_wconf 76' lang='lat' dir='ltr'><strong>capuana</strong></span> <span class='ocrx_word' id='word_1_94' title='bbox 746 1587 822 1651; x_wconf 80' lang='lat' dir='ltr'><strong>dcco</strong></span> <span class='ocrx_word' id='word_1_95' title='bbox 842 1609 903 1673; x_wconf 81' lang='lat' dir='ltr'><strong>por</strong></span> <span class='ocrx_word' id='word_1_96' title='bbox 924 1586 1080 1674; x_wconf 73' lang='lat' dir='ltr'><strong>adoptata</strong></span> <span class='ocrx_word' id='word_1_97' title='bbox 1102 1588 1247 1672; x_wconf 79' lang='lat' dir='ltr'><strong>caocto1)</strong></span> 
     </span>
    </p>
   </div>
   <div class='ocr_carea' id='block_1_6' title="bbox 214 1707 1335 2514">
    <p class='ocr_par' dir='ltr' id='par_1_7' title="bbox 214 1707 1335 2514">
     <span class='ocr_line' id='line_1_14' title="bbox 260 1707 1333 1793; baseline 0.001 -21"><span class='ocrx_word' id='word_1_98' title='bbox 260 1709 377 1772; x_wconf 89' lang='lat' dir='ltr'><strong>Rursus</strong></span> <span class='ocrx_word' id='word_1_99' title='bbox 400 1711 432 1773; x_wconf 89' lang='lat' dir='ltr'><strong>in</strong></span> <span class='ocrx_word' id='word_1_100' title='bbox 454 1709 532 1774; x_wconf 89' lang='lat' dir='ltr'><strong>libro</strong></span> <span class='ocrx_word' id='word_1_101' title='bbox 545 1709 578 1773; x_wconf 90' lang='lat' dir='ltr'>H</span> <span class='ocrx_word' id='word_1_102' title='bbox 593 1728 617 1773; x_wconf 90' lang='lat' dir='ltr'><strong>c.</strong></span> <span class='ocrx_word' id='word_1_103' title='bbox 635 1707 654 1790; x_wconf 81' lang='grc'>8</span> <span class='ocrx_word' id='word_1_104' title='bbox 677 1710 716 1773; x_wconf 89' lang='lat' dir='ltr'><strong>ad</strong></span> <span class='ocrx_word' id='word_1_105' title='bbox 729 1709 914 1792; x_wconf 79' lang='lat' dir='ltr'><strong>Ehpandum</strong></span> <span class='ocrx_word' id='word_1_106' title='bbox 936 1708 987 1791; x_wconf 73' lang='lat' dir='ltr'><strong>(cf,</strong></span> <span class='ocrx_word' id='word_1_107' title='bbox 1004 1709 1101 1792; x_wconf 83' lang='lat' dir='ltr'><strong>Mign.</strong></span> <span class='ocrx_word' id='word_1_108' title='bbox 1118 1712 1138 1773; x_wconf 90' lang='lat' dir='ltr'><strong>t.</strong></span> <span class='ocrx_word' id='word_1_109' title='bbox 1157 1707 1227 1790; x_wconf 89' lang='lat'><strong>101,</strong></span> <span class='ocrx_word' id='word_1_110' title='bbox 1244 1707 1333 1793; x_wconf 80' lang='grc'><strong>266);</strong></span> 
     </span>
     <span class='ocr_line' id='line_1_15' title="bbox 217 1811 1335 1896; baseline 0.002 -22"><span class='ocrx_word' id='word_1_111' title='bbox 217 1812 267 1875; x_wconf 91' lang='lat' dir='ltr'><strong>llli</strong></span> <span class='ocrx_word' id='word_1_112' title='bbox 279 1812 334 1894; x_wconf 82' lang='lat' dir='ltr'><strong>(sc.</strong></span> <span class='ocrx_word' id='word_1_113' title='bbox 345 1816 448 1895; x_wconf 84' lang='lat' dir='ltr'><strong>patres</strong></span> <span class='ocrx_word' id='word_1_114' title='bbox 459 1812 605 1896; x_wconf 86' lang='lat' dir='ltr'><strong>Hispani)</strong></span> <span class='ocrx_word' id='word_1_115' title='bbox 618 1831 674 1876; x_wconf 86' lang='lat' dir='ltr'><strong>sua</strong></span> <span class='ocrx_word' id='word_1_116' title='bbox 685 1812 858 1877; x_wconf 90' lang='lat' dir='ltr'><strong>habuerunt</strong></span> <span class='ocrx_word' id='word_1_117' title='bbox 868 1815 1008 1894; x_wconf 90' lang='lat' dir='ltr'><strong>tempora</strong></span> <span class='ocrx_word' id='word_1_118' title='bbox 1019 1811 1167 1894; x_wconf 87' lang='lat' dir='ltr'><strong>nobisque</strong></span> <span class='ocrx_word' id='word_1_119' title='bbox 1177 1814 1335 1895; x_wconf 91' lang='lat' dir='ltr'><strong>praeclara</strong></span> 
     </span>
     <span class='ocr_line' id='line_1_16' title="bbox 217 1915 1333 1998; baseline 0.001 -20"><span class='ocrx_word' id='word_1_120' title='bbox 217 1915 265 1978; x_wconf 91' lang='lat' dir='ltr'><strong>sui</strong></span> <span class='ocrx_word' id='word_1_121' title='bbox 292 1916 409 1985; x_wconf 84' lang='lat' dir='ltr'><strong>sudoris</strong></span> <span class='ocrx_word' id='word_1_122' title='bbox 436 1916 468 1979; x_wconf 90' lang='lat' dir='ltr'><strong>in</strong></span> <span class='ocrx_word' id='word_1_123' title='bbox 496 1919 602 1980; x_wconf 86' lang='lat' dir='ltr'><strong>sancta</strong></span> <span class='ocrx_word' id='word_1_124' title='bbox 629 1916 860 1980; x_wconf 88' lang='lat' dir='ltr'><strong>conuersatione</strong></span> <span class='ocrx_word' id='word_1_125' title='bbox 886 1915 1075 1996; x_wconf 88' lang='lat' dir='ltr'><strong>reliquerunt</strong></span> <span class='ocrx_word' id='word_1_126' title='bbox 1099 1915 1231 1998; x_wconf 83' lang='lat' dir='ltr'><strong>uestigia</strong></span> <span class='ocrx_word' id='word_1_127' title='bbox 1257 1934 1333 1997; x_wconf 89' lang='lat' dir='ltr'><strong>quos</strong></span> 
     </span>
     <span class='ocr_line' id='line_1_17' title="bbox 216 2009 1334 2100; baseline 0.001 -19"><span class='ocrx_word' id='word_1_128' title='bbox 216 2018 387 2098; x_wconf 79' lang='lat' dir='ltr'><strong>laudamus,</strong></span> <span class='ocrx_word' id='word_1_129' title='bbox 410 2036 551 2083; x_wconf 85' lang='lat' dir='ltr'><strong>amamus</strong></span> <span class='ocrx_word' id='word_1_130' title='bbox 568 2069 575 2082; x_wconf 93' lang='lat'><strong>.</strong></span> <span class='ocrx_word' id='word_1_131' title='bbox 592 2068 599 2082; x_wconf 93' lang='lat'><strong><em>.</em></strong></span> <span class='ocrx_word' id='word_1_132' title='bbox 618 2070 624 2082; x_wconf 93' lang='lat'>.</span> <span class='ocrx_word' id='word_1_133' title='bbox 647 2019 854 2100; x_wconf 76' lang='lat' dir='ltr'><strong>Beati‘itaque</strong></span> <span class='ocrx_word' id='word_1_134' title='bbox 869 2018 980 2083; x_wconf 88' lang='lat' dir='ltr'><strong>Isidori</strong></span> <span class='ocrx_word' id='word_1_135' title='bbox 996 2069 1002 2082; x_wconf 94' lang='lat'><strong>.</strong></span> <span class='ocrx_word' id='word_1_136' title='bbox 1068 2019 1122 2082; x_wconf 91' lang='lat' dir='ltr'><strong>sed</strong></span> <span class='ocrx_word' id='word_1_137' title='bbox 1137 2022 1169 2083; x_wconf 91' lang='lat' dir='ltr'><strong>et</strong></span> <span class='ocrx_word' id='word_1_138' title='bbox 1183 2009 1334 2082; x_wconf 82' lang='lat' dir='ltr'><strong>quenci</strong></span> 
     </span>
     <span class='ocr_line' id='line_1_18' title="bbox 215 2120 1332 2205; baseline 0.002 -21"><span class='ocrx_word' id='word_1_139' title='bbox 215 2120 385 2203; x_wconf 85' lang='lat' dir='ltr'><strong>presbyteri</strong></span> <span class='ocrx_word' id='word_1_140' title='bbox 414 2125 505 2204; x_wconf 92' lang='lat' dir='ltr'><strong>atque</strong></span> <span class='ocrx_word' id='word_1_141' title='bbox 533 2123 641 2205; x_wconf 90' lang='lat' dir='ltr'><strong>optimi</strong></span> <span class='ocrx_word' id='word_1_142' title='bbox 668 2122 851 2202; x_wconf 84' lang='lat' dir='ltr'><strong>scholastici,</strong></span> <span class='ocrx_word' id='word_1_143' title='bbox 882 2140 973 2203; x_wconf 88' lang='lat' dir='ltr'><strong>quem</strong></span> <span class='ocrx_word' id='word_1_144' title='bbox 995 2121 1103 2186; x_wconf 89' lang='lat' dir='ltr'><strong>heatus</strong></span> <span class='ocrx_word' id='word_1_145' title='bbox 1125 2121 1332 2204; x_wconf 80' lang='lat' dir='ltr'><strong>Hieronymus</strong></span> 
     </span>
     <span class='ocr_line' id='line_1_19' title="bbox 215 2225 1332 2309; baseline 0 -21"><span class='ocrx_word' id='word_1_146' title='bbox 215 2225 329 2304; x_wconf 88' lang='lat' dir='ltr'><strong>laudat,</strong></span> <span class='ocrx_word' id='word_1_147' title='bbox 357 2226 493 2289; x_wconf 89' lang='lat' dir='ltr'><strong>carmina</strong></span> <span class='ocrx_word' id='word_1_148' title='bbox 516 2225 711 2309; x_wconf 77' lang='lat' dir='ltr'><strong>euangehme</strong></span> <span class='ocrx_word' id='word_1_149' title='bbox 733 2225 878 2289; x_wconf 87' lang='lat' dir='ltr'><strong>historiae</strong></span> <span class='ocrx_word' id='word_1_150' title='bbox 899 2225 1111 2306; x_wconf 85' lang='lat' dir='ltr'><strong>prospeximus</strong></span> <span class='ocrx_word' id='word_1_151' title='bbox 1136 2225 1241 2309; x_wconf 84' lang='lat' dir='ltr'><strong>(forte</strong></span> <span class='ocrx_word' id='word_1_152' title='bbox 1263 2244 1332 2307; x_wconf 93' lang='lat' dir='ltr'><strong>per-</strong></span> 
     </span>
     <span class='ocr_line' id='line_1_20' title="bbox 216 2326 1328 2410; baseline 0 -19"><span class='ocrx_word' id='word_1_153' title='bbox 216 2327 401 2410; x_wconf 85' lang='lat' dir='ltr'><strong>speximus),</strong></span> <span class='ocrx_word' id='word_1_154' title='bbox 435 2329 487 2410; x_wconf 90' lang='lat' dir='ltr'><strong>qui</strong></span> <span class='ocrx_word' id='word_1_155' title='bbox 516 2329 548 2392; x_wconf 91' lang='lat' dir='ltr'><strong>in</strong></span> <span class='ocrx_word' id='word_1_156' title='bbox 578 2329 710 2410; x_wconf 88' lang='lat' dir='ltr'><strong>quodam</strong></span> <span class='ocrx_word' id='word_1_157' title='bbox 734 2346 831 2392; x_wconf 51' lang='lat' dir='ltr'><strong>¹uersu</strong></span> <span class='ocrx_word' id='word_1_158' title='bbox 861 2326 1016 2393; x_wconf 80' lang='lat' dir='ltr'><strong>Christum</strong></span> <span class='ocrx_word' id='word_1_159' title='bbox 1045 2328 1201 2410; x_wconf 85' lang='lat' dir='ltr'><strong>proprium</strong></span> <span class='ocrx_word' id='word_1_160' title='bbox 1232 2328 1328 2392; x_wconf 90' lang='lat' dir='ltr'><strong>filium</strong></span> 
     </span>
     <span class='ocr_line' id='line_1_21' title="bbox 214 2431 1156 2514; baseline 0 -20"><span class='ocrx_word' id='word_1_161' title='bbox 214 2431 273 2495; x_wconf 86' lang='lat' dir='ltr'><strong>Dei</strong></span> <span class='ocrx_word' id='word_1_162' title='bbox 296 2432 443 2497; x_wconf 89' lang='lat' dir='ltr'><strong>catholico</strong></span> <span class='ocrx_word' id='word_1_163' title='bbox 465 2450 517 2496; x_wconf 90' lang='lat' dir='ltr'><strong>ore</strong></span> <span class='ocrx_word' id='word_1_164' title='bbox 539 2450 600 2496; x_wconf 90' lang='lat' dir='ltr'><strong>non</strong></span> <span class='ocrx_word' id='word_1_165' title='bbox 622 2432 799 2496; x_wconf 83' lang='lat' dir='ltr'><strong>formidarit</strong></span> <span class='ocrx_word' id='word_1_166' title='bbox 822 2431 986 2514; x_wconf 89' lang='lat' dir='ltr'><strong>appellare,</strong></span> <span class='ocrx_word' id='word_1_167' title='bbox 1009 2431 1053 2494; x_wconf 90' lang='lat' dir='ltr'><strong>ait</strong></span> <span class='ocrx_word' id='word_1_168' title='bbox 1075 2431 1156 2494; x_wconf 86' lang='lat' dir='ltr'><strong>enirn</strong></span> 
     </span>
    </p>
   </div>
   <div class='ocr_carea' id='block_1_7' title="bbox 212 2549 1328 2950">
    <p class='ocr_par' dir='ltr' id='par_1_8' title="bbox 215 2549 1258 2742">
     <span class='ocr_line' id='line_1_22' title="bbox 216 2549 1258 2637; baseline 0 -25"><span class='ocrx_word' id='word_1_169' title='bbox 216 2549 301 2613; x_wconf 86' lang='lat' dir='ltr'><strong>Num</strong></span> <span class='ocrx_word' id='word_1_170' title='bbox 324 2550 462 2636; x_wconf 78' lang='lat' dir='ltr'><strong>(Quare.</strong></span> <span class='ocrx_word' id='word_1_171' title='bbox 486 2551 563 2637; x_wconf 84' lang='lat' dir='ltr'><strong>non)</strong></span> <span class='ocrx_word' id='word_1_172' title='bbox 589 2561 646 2614; x_wconf 80' lang='lat' dir='ltr'><strong>totu</strong></span> <span class='ocrx_word' id='word_1_173' title='bbox 668 2551 846 2636; x_wconf 80' lang='lat' dir='ltr'><strong>concipient</strong></span> <span class='ocrx_word' id='word_1_174' title='bbox 868 2549 995 2615; x_wconf 77' lang='lat' dir='ltr'><strong>caelesti</strong></span> <span class='ocrx_word' id='word_1_175' title='bbox 1016 2551 1143 2614; x_wconf 76' lang='lat' dir='ltr'><strong>uiscera</strong></span> <span class='ocrx_word' id='word_1_176' title='bbox 1166 2551 1258 2614; x_wconf 77' lang='lat' dir='ltr'><strong>iussu</strong></span> 
     </span>
     <span class='ocr_line' id='line_1_23' title="bbox 215 2651 1093 2742; baseline 0 -26"><span class='ocrx_word' id='word_1_177' title='bbox 215 2652 348 2736; x_wconf 84' lang='lat' dir='ltr'><strong>Natum,</strong></span> <span class='ocrx_word' id='word_1_178' title='bbox 371 2676 460 2739; x_wconf 79' lang='lat' dir='ltr'><strong>quem</strong></span> <span class='ocrx_word' id='word_1_179' title='bbox 483 2677 616 2742; x_wconf 70' lang='lat' dir='ltr'><strong>coquum</strong></span> <span class='ocrx_word' id='word_1_180' title='bbox 638 2654 726 2719; x_wconf 82' lang='lat' dir='ltr'><strong>Deos</strong></span> <span class='ocrx_word' id='word_1_181' title='bbox 742 2675 806 2741; x_wconf 79' lang='lat' dir='ltr'><strong>pcc·</strong></span> <span class='ocrx_word' id='word_1_182' title='bbox 827 2651 957 2718; x_wconf 76' lang='lat' dir='ltr'><strong>saeculo</strong></span> <span class='ocrx_word' id='word_1_183' title='bbox 979 2664 1093 2717; x_wconf 80' lang='lat' dir='ltr'><strong>cuncto</strong></span> 
     </span>
    </p>

    <p class='ocr_par' dir='ltr' id='par_1_9' title="bbox 213 2756 1091 2845">
     <span class='ocr_line' id='line_1_24' title="bbox 213 2756 1091 2845; baseline 0.002 -26"><span class='ocrx_word' id='word_1_184' title='bbox 213 2757 255 2819; x_wconf 88' lang='lat' dir='ltr'><strong>Et</strong></span> <span class='ocrx_word' id='word_1_185' title='bbox 272 2758 448 2843; x_wconf 77' lang='lat' dir='ltr'><strong>proprium</strong></span> <span class='ocrx_word' id='word_1_186' title='bbox 469 2758 559 2822; x_wconf 79' lang='lat' dir='ltr'><strong>credi</strong></span> <span class='ocrx_word' id='word_1_187' title='bbox 579 2757 717 2822; x_wconf 80' lang='lat' dir='ltr'><strong>subolem</strong></span> <span class='ocrx_word' id='word_1_188' title='bbox 738 2758 913 2845; x_wconf 79' lang='lat' dir='ltr'><strong>pandetque</strong></span> <span class='ocrx_word' id='word_1_189' title='bbox 936 2756 1091 2843; x_wconf 81' lang='lat' dir='ltr'><strong>iubetque,</strong></span> 
     </span>
    </p>

    <p class='ocr_par' dir='ltr' id='par_1_10' title="bbox 212 2860 1328 2950">
     <span class='ocr_line' id='line_1_25' title="bbox 212 2860 1328 2950; baseline 0.002 -27"><span class='ocrx_word' id='word_1_190' title='bbox 212 2860 310 2924; x_wconf 83' lang='lat' dir='ltr'><strong>Huoc</strong></span> <span class='ocrx_word' id='word_1_191' title='bbox 324 2861 383 2925; x_wconf 78' lang='lat' dir='ltr'><strong>cot</strong></span> <span class='ocrx_word' id='word_1_192' title='bbox 396 2861 455 2926; x_wconf 78' lang='lat' dir='ltr'><strong>aab</strong></span> <span class='ocrx_word' id='word_1_193' title='bbox 469 2860 562 2950; x_wconf 77' lang='lat' dir='ltr'><strong>iopam</strong></span> <span class='ocrx_word' id='word_1_194' title='bbox 574 2861 664 2949; x_wconf 88' lang='lat' dir='ltr'><strong>(qu</strong></span> <span class='ocrx_word' id='word_1_195' title='bbox 677 2861 736 2926; x_wconf 78' lang='lat' dir='ltr'><strong>aab</strong></span> <span class='ocrx_word' id='word_1_196' title='bbox 749 2860 862 2948; x_wconf 76' lang='lat' dir='ltr'><strong>locun)</strong></span> <span class='ocrx_word' id='word_1_197' title='bbox 876 2861 1003 2925; x_wconf 77' lang='lat' dir='ltr'><strong>dederis</strong></span> <span class='ocrx_word' id='word_1_198' title='bbox 1014 2861 1057 2925; x_wconf 83' lang='lat' dir='ltr'><strong>ait</strong></span> <span class='ocrx_word' id='word_1_199' title='bbox 1067 2863 1191 2924; x_wconf 82' lang='lat' dir='ltr'><strong>nomino</strong></span> <span class='ocrx_word' id='word_1_200' title='bbox 1202 2861 1328 2945; x_wconf 82' lang='lat' dir='ltr'><strong>laoco.³)</strong></span> 
     </span>
    </p>
   </div>
   <div class='ocr_carea' id='block_1_8' title="bbox 209 2984 1336 3804">
    <p class='ocr_par' dir='ltr' id='par_1_11' title="bbox 209 2984 1336 3804">
     <span class='ocr_line' id='line_1_26' title="bbox 254 2984 1328 3068; baseline 0.001 -21"><span class='ocrx_word' id='word_1_201' title='bbox 254 2984 481 3049; x_wconf 80' lang='lat' dir='ltr'><strong>Theodulfus</strong></span> <span class='ocrx_word' id='word_1_202' title='bbox 520 2987 680 3068; x_wconf 90' lang='lat' dir='ltr'><strong>episcopus</strong></span> <span class='ocrx_word' id='word_1_203' title='bbox 719 2984 771 3049; x_wconf 86' lang='lat' dir='ltr'><strong>ille</strong></span> <span class='ocrx_word' id='word_1_204' title='bbox 803 2984 1033 3049; x_wconf 76' lang='lat' dir='ltr'><strong>dorchacensis</strong></span> <span class='ocrx_word' id='word_1_205' title='bbox 1067 2984 1118 3067; x_wconf 86' lang='lat' dir='ltr'><strong>(ci.</strong></span> <span class='ocrx_word' id='word_1_206' title='bbox 1148 2984 1328 3049; x_wconf 90' lang='lat' dir='ltr'><strong>Duemmler</strong></span> 
     </span>
     <span class='ocr_line' id='line_1_27' title="bbox 210 3085 1113 3171; baseline -0.002 -21"><span class='ocrx_word' id='word_1_207' title='bbox 210 3088 231 3150; x_wconf 93' lang='lat' dir='ltr'><strong>l.</strong></span> <span class='ocrx_word' id='word_1_208' title='bbox 248 3106 273 3151; x_wconf 92' lang='lat' dir='ltr'><strong>c.</strong></span> <span class='ocrx_word' id='word_1_209' title='bbox 296 3106 325 3169; x_wconf 93' lang='lat' dir='ltr'><strong>p.</strong></span> <span class='ocrx_word' id='word_1_210' title='bbox 342 3085 434 3171; x_wconf 81' lang='lat'>543):</span> <span class='ocrx_word' id='word_1_211' title='bbox 1106 3092 1113 3109; x_wconf 88' lang='lat'><em>‘</em></span> 
     </span>
     <span class='ocr_line' id='line_1_28' title="bbox 252 3190 1336 3275; baseline -0.002 -21"><span class='ocrx_word' id='word_1_212' title='bbox 252 3191 299 3254; x_wconf 89' lang='lat' dir='ltr'><strong>De</strong></span> <span class='ocrx_word' id='word_1_213' title='bbox 313 3190 400 3255; x_wconf 85' lang='lat' dir='ltr'><strong>libris</strong></span> <span class='ocrx_word' id='word_1_214' title='bbox 416 3209 492 3273; x_wconf 88' lang='lat' dir='ltr'><strong>quos</strong></span> <span class='ocrx_word' id='word_1_215' title='bbox 506 3192 607 3275; x_wconf 79' lang='lat' dir='ltr'><strong>legere</strong></span> <span class='ocrx_word' id='word_1_216' title='bbox 623 3191 759 3264; x_wconf 81' lang='lat' dir='ltr'><strong>solebam</strong></span> <span class='ocrx_word' id='word_1_217' title='bbox 780 3193 811 3254; x_wconf 89' lang='lat' dir='ltr'><strong>et</strong></span> <span class='ocrx_word' id='word_1_218' title='bbox 832 3192 961 3272; x_wconf 90' lang='lat' dir='ltr'><strong>qualiter</strong></span> <span class='ocrx_word' id='word_1_219' title='bbox 979 3190 1106 3261; x_wconf 73' lang='lat' dir='ltr'><strong>fabulae</strong></span> <span class='ocrx_word' id='word_1_220' title='bbox 1127 3193 1287 3273; x_wconf 87' lang='lat' dir='ltr'><strong>poetarum</strong></span> <span class='ocrx_word' id='word_1_221' title='bbox 1308 3207 1336 3252; x_wconf 89' lang='lat' dir='ltr'><strong>a</strong></span> 
     </span>
     <span class='ocr_line' id='line_1_29' title="bbox 209 3293 947 3377; baseline 0.001 -21"><span class='ocrx_word' id='word_1_222' title='bbox 209 3293 399 3377; x_wconf 87' lang='lat' dir='ltr'><strong>philosophis</strong></span> <span class='ocrx_word' id='word_1_223' title='bbox 421 3295 551 3376; x_wconf 90' lang='lat' dir='ltr'><strong>mystice</strong></span> <span class='ocrx_word' id='word_1_224' title='bbox 573 3297 797 3376; x_wconf 86' lang='lat' dir='ltr'><strong>pertractentur</strong></span> <span class='ocrx_word' id='word_1_225' title='bbox 819 3294 862 3377; x_wconf 86' lang='lat' dir='ltr'><strong>(u.</strong></span> <span class='ocrx_word' id='word_1_226' title='bbox 881 3293 947 3376; x_wconf 87' lang='lat'>11):</span> 
     </span>
     <span class='ocr_line' id='line_1_30' title="bbox 332 3413 1185 3497; baseline -0.006 -18"><span class='ocrx_word' id='word_1_227' title='bbox 332 3413 413 3479; x_wconf 81' lang='lat' dir='ltr'><strong>Oura</strong></span> <span class='ocrx_word' id='word_1_228' title='bbox 435 3414 545 3478; x_wconf 91' lang='lat' dir='ltr'><strong>decens</strong></span> <span class='ocrx_word' id='word_1_229' title='bbox 567 3418 691 3496; x_wconf 90' lang='lat' dir='ltr'><strong>patrum</strong></span> <span class='ocrx_word' id='word_1_230' title='bbox 713 3432 769 3478; x_wconf 91' lang='lat' dir='ltr'><strong>nec</strong></span> <span class='ocrx_word' id='word_1_231' title='bbox 792 3417 857 3478; x_wconf 89' lang='lat' dir='ltr'><strong>erat</strong></span> <span class='ocrx_word' id='word_1_232' title='bbox 874 3417 1034 3497; x_wconf 89' lang='lat' dir='ltr'><strong>postrema</strong></span> <span class='ocrx_word' id='word_1_233' title='bbox 1054 3414 1185 3495; x_wconf 90' lang='lat' dir='ltr'><strong>piorum,</strong></span> 
     </span>
     <span class='ocr_line' id='line_1_31' title="bbox 332 3516 1075 3600; baseline -0.004 -18"><span class='ocrx_word' id='word_1_234' title='bbox 332 3517 468 3598; x_wconf 82' lang='lat' dir='ltr'><strong>Quorum</strong></span> <span class='ocrx_word' id='word_1_235' title='bbox 491 3521 564 3582; x_wconf 90' lang='lat' dir='ltr'><strong>sunt</strong></span> <span class='ocrx_word' id='word_1_236' title='bbox 585 3517 691 3582; x_wconf 88' lang='lat' dir='ltr'><strong>subter</strong></span> <span class='ocrx_word' id='word_1_237' title='bbox 712 3517 837 3581; x_wconf 89' lang='lat' dir='ltr'><strong>nomina</strong></span> <span class='ocrx_word' id='word_1_238' title='bbox 858 3518 971 3600; x_wconf 88' lang='lat' dir='ltr'><strong>scripta</strong></span> <span class='ocrx_word' id='word_1_239' title='bbox 992 3516 1075 3580; x_wconf 87' lang='lat' dir='ltr'><strong>uide:</strong></span> 
     </span>
     <span class='ocr_line' id='line_1_32' title="bbox 331 3618 1075 3701; baseline -0.004 -16"><span class='ocrx_word' id='word_1_240' title='bbox 331 3619 471 3686; x_wconf 85' lang='lat' dir='ltr'><strong>Sodulius</strong></span> <span class='ocrx_word' id='word_1_241' title='bbox 493 3621 616 3701; x_wconf 90' lang='lat' dir='ltr'><strong>rutilus,</strong></span> <span class='ocrx_word' id='word_1_242' title='bbox 638 3620 796 3700; x_wconf 88' lang='lat' dir='ltr'><strong>Paulinus,</strong></span> <span class='ocrx_word' id='word_1_243' title='bbox 818 3618 941 3699; x_wconf 86' lang='lat' dir='ltr'><strong>Arator,</strong></span> <span class='ocrx_word' id='word_1_244' title='bbox 963 3618 1075 3683; x_wconf 83' lang='lat' dir='ltr'><strong>Auitus</strong></span> 
     </span>
     <span class='ocr_line' id='line_1_33' title="bbox 330 3722 1049 3804; baseline -0.003 -17"><span class='ocrx_word' id='word_1_245' title='bbox 330 3723 589 3803; x_wconf 69' lang='lat' dir='ltr'><strong>atheromata,</strong></span> <span class='ocrx_word' id='word_1_246' title='bbox 611 3726 704 3804; x_wconf 89' lang='lat' dir='ltr'><strong>tuque</strong></span> <span class='ocrx_word' id='word_1_247' title='bbox 726 3722 885 3787; x_wconf 87' lang='lat' dir='ltr'><strong>quence</strong></span> <span class='ocrx_word' id='word_1_248' title='bbox 908 3726 1049 3786; x_wconf 80' lang='lat' dir='ltr'><strong>tonans</strong></span> 
     </span>
    </p>
   </div>
   <div class='ocr_carea' id='block_1_9' title="bbox 250 3979 526 4222">
    <p class='ocr_par' dir='ltr' id='par_1_12' title="bbox 250 3979 526 4222">
     <span class='ocr_line' id='line_1_34' title="bbox 253 3979 526 4050; baseline 0 -16"><span class='ocrx_word' id='word_1_249' title='bbox 253 3981 272 4050; x_wconf 90' lang='lat'><strong>¹)</strong></span> <span class='ocrx_word' id='word_1_250' title='bbox 290 3981 323 4035; x_wconf 82' lang='lat' dir='ltr'><strong>cl.</strong></span> <span class='ocrx_word' id='word_1_251' title='bbox 336 3997 415 4049; x_wconf 85' lang='lat' dir='ltr'><strong>supra</strong></span> <span class='ocrx_word' id='word_1_252' title='bbox 432 3996 458 4048; x_wconf 81' lang='lat' dir='ltr'><strong>p.</strong></span> <span class='ocrx_word' id='word_1_253' title='bbox 470 3979 526 4038; x_wconf 77' lang='lat' dir='ltr'><strong>XV.</strong></span> 
     </span>
     <span class='ocr_line' id='line_1_35' title="bbox 251 4065 433 4136; baseline -0.011 -15"><span class='ocrx_word' id='word_1_254' title='bbox 251 4067 271 4136; x_wconf 83' lang='lat'><strong>²)</strong></span> <span class='ocrx_word' id='word_1_255' title='bbox 289 4065 350 4121; x_wconf 86' lang='lat' dir='ltr'><strong>cf.I</strong></span> <span class='ocrx_word' id='word_1_256' title='bbox 368 4068 401 4121; x_wconf 87' lang='lat'><strong>60</strong></span> <span class='ocrx_word' id='word_1_257' title='bbox 413 4083 433 4119; x_wconf 88' lang='lat' dir='ltr'><strong>s.</strong></span> 
     </span>
     <span class='ocr_line' id='line_1_36' title="bbox 250 4151 476 4222; baseline 0 -16"><span class='ocrx_word' id='word_1_258' title='bbox 250 4153 271 4222; x_wconf 77' lang='lat'><strong>³)</strong></span> <span class='ocrx_word' id='word_1_259' title='bbox 290 4151 350 4207; x_wconf 73' lang='lat' dir='ltr'><strong>ern</strong></span> <span class='ocrx_word' id='word_1_260' title='bbox 367 4153 476 4209; x_wconf 82' lang='lat' dir='ltr'><strong>oo-oa.</strong></span> 
     </span>
    </p>
   </div>
   <div class='ocr_carea' id='block_1_10' title="bbox 0 0 1474 4672">
    <p class='ocr_par' dir='ltr' id='par_1_13' title="bbox 0 0 1474 4672">
     <span class='ocr_line' id='line_1_37' title="bbox 0 0 1474 4672; baseline 0 8"><span class='ocrx_word' id='word_1_261' title='bbox 0 0 1474 4672; x_wconf 95' lang='lat' dir='ltr'><strong> </strong></span> 
     </span>
    </p>
   </div>
  </div>
 </body>
</html>
