2940 4672
587 248 825 316 Prolegomenn.
1165 245 1266 299 XXVII

147 420 190 485 84
218 424 360 487 foliorum
388 423 506 487 formae
532 426 658 487 octauae
685 423 822 487 continet
847 420 993 487 l.1—59
1020 423 1146 487 quenci
1173 440 1267 486 cuan-

145 527 263 610 gelicae
273 527 420 592 historiae
431 530 608 610 poematum
620 526 715 590 libros
724 526 768 590 IV
776 525 956 588 laearortale
968 524 1052 588 nibil
1063 564 1103 572 —
1112 523 1266 590 foc-73

146 631 322 714 aenigmata
346 629 497 695 Althelmi
523 630 719 713 grammatici
745 629 796 713 (cl.
820 631 965 694 Berichte
992 631 1045 693 der
1072 630 1266 694 sachsischen

10 782 11 786 ,
146 732 353 800 Gesellschaft
372 736 425 798 der
440 734 630 799 Wissensch.
650 732 741 815 1877,
761 755 790 816 p.
807 733 862 817 22)
881 772 912 780 -
933 734 1039 798 1741.
1062 737 1133 817 post
1153 752 1183 797 u.
1204 731 1266 796 809

147 828 260 921 legitur
275 837 448 902 benedictio
464 839 614 920 quaedam
629 840 740 922 regalis
757 856 775 902 a
790 857 884 902 manu
900 839 960 902 alia
975 839 1101 920 scripta:
1121 833 1267 900 Cbrietue

147 961 205 1003 reu
215 962 323 1026 repam
335 962 374 1003 cm
385 961 464 1004 ceno
476 940 533 1026 qui
544 950 656 1027 reputat
671 941 706 1003 ia
722 962 845 1004 acuum.
862 945 919 1006 eto.
933 979 972 987 —
986 939 1156 1006 scotica
1172 938 1268 1006 GLO-

37 1122 38 1125 Ἴ
146 1043 299 1112 SARVM.
337 1042 738 1131 Apocripbcopiatiaae
761 1043 885 1107 dicitur
907 1042 1083 1108 decretalis.
1125 1040 1193 1115 Quo
1215 1063 1267 1105 ao-

112 1148 116 1154 '
147 1147 231 1211 miae
253 1158 397 1212 mouetur·
420 1147 501 1212 liber
519 1186 562 1195 -
587 1149 757 1233 Ypotcaeon
772 1148 817 1210 ·i·
831 1146 1098 1232 informationum
1121 1145 1267 1209 liasti-

147 1251 325 1315 cocionum·
344 1252 566 1338 Ypopootccaoa
581 1281 586 1292 ·
601 1252 615 1314 a’
630 1282 634 1292 ·
649 1244 735 1338 qq'oil·
764 1253 814 1317 fol.
832 1249 992 1315 741-83Γ
1017 1270 1041 1315 s.
1061 1252 1115 1315 IX.
1138 1249 1266 1314 Librum

145 1357 300 1438 quondani
316 1355 559 1421 Oantnareusem
571 1357 677 1437 fuisse,
689 1358 722 1421 in
734 1357 806 1421 lolio
822 1355 852 1417 ll
864 1374 957 1420 manu
970 1356 1089 1420 circiter
1102 1373 1179 1419 saec.
1192 1355 1267 1418 XIV

146 1460 294 1541 scriptum
316 1461 437 1543 legitur.
462 1461 576 1525 Versus
599 1461 723 1542 quidem
747 1464 820 1524 sunt
834 1461 988 1540 disiuncti,
1012 1460 1066 1523 sed
1084 1476 1175 1523 uoces
1192 1475 1267 1523 uon-

70 1642 74 1650 ·
145 1581 318 1644 numquam
339 1564 419 1627 inter
442 1583 475 1628 se
498 1565 669 1628 cohaerent.
707 1565 950 1645 Praepositiones
973 1583 1043 1627 cum
1065 1563 1175 1626 litteris
1195 1579 1267 1626 con-

145 1667 345 1749 sequentibus
371 1667 468 1731 rarius
495 1685 587 1748 quam
614 1668 646 1730 in
670 1666 693 1730 O
716 1668 900 1731 coalescunt.
940 1665 1081 1731 codoem
1107 1667 1139 1730 iu
1161 1662 1265 1729 merim

145 1789 238 1835 nsum
260 1769 298 1834 Α.
316 1769 464 1836 Sueboda
485 1771 583 1835 denuo
607 1772 742 1835 contulit.

188 1874 335 1938 Eiusdem
351 1875 460 1938 aetatis
473 1877 520 1938 est
532 1875 624 1938 codex
636 1874 688 1938 lat.
702 1873 939 1938 Monacensis
952 1871 1036 1936 6402
1048 1872 1135 1956 (olim
1148 1873 1264 1937 Frisiu·
1287 1873 1320 1936 M

146 1978 251 2061 gensis
275 1975 351 2060 202)
374 1977 490 2056 formae
513 1977 663 2060 oblongae
685 1978 829 2042 loliorum
852 1977 902 2042 63.
939 1977 1110 2058 Descripsit
1132 1977 1267 2040 codicem

147 2079 294 2146 Aretinus
309 2083 342 2144 in
356 2080 435 2144 libro
446 2081 498 2144 illo
512 2081 683 2164 ‚Beytrage‘
697 2083 754 2145 etc.
767 2081 828 2144 VH
842 2078 905 2143 243
921 2079 973 2163 (cl.
989 2081 1081 2144 ctiam
1093 2081 1267 2163 catalogum

146 2184 287 2249 codicum
310 2185 489 2249 Latinorum
512 2184 585 2248 bibl.
607 2185 710 2268 regiae
733 2185 929 2249 Monacensis
952 2185 968 2248 Ι
990 2183 1010 2246 3
1032 2205 1061 2267 p.
1081 2182 1142 2247 104
1157 2184 1206 2267 s).
1229 2184 1267 2248 Iu

145 2288 220 2352 folio
239 2289 338 2369 primo
361 2306 379 2352 a
401 2290 569 2352 recentiore
593 2306 687 2352 manu
710 2289 860 2370 scriplum
881 2288 1007 2372 legitur:
1033 2287 1092 2350 istc
1115 2271 1167 2349 lib
1183 2299 1200 2348 c
1219 2297 1270 2348 ocu

146 2389 250 2453 marie
273 2402 355 2455 roco
376 2389 463 2453 corba
478 2389 593 2476 frioa’p.
632 2391 769 2475 Scriptus
790 2397 838 2455 est
852 2393 945 2456 codex
960 2392 1070 2455 litteris
1086 2390 1266 2455 minusculis

147 2514 166 2559 a
200 2493 333 2559 librariis
366 2494 466 2558 tribus
497 2498 532 2559 ut
561 2495 696 2576 uidetur,
732 2514 861 2577 quorum
895 2496 1014 2578 primus
1044 2512 1266 2576 nonuunquam

66 2608 68 2612 ‘
146 2599 248 2662 uarias
270 2598 419 2662 lectiones
441 2599 527 2662 iuxta
546 2599 651 2680 posuit
677 2597 761 2681 (cil
784 2597 848 2662 254
875 2597 1027 2661 laetanter
1050 2597 1087 2661 ot
1109 2597 1265 2680 latenter).

148 2703 287 2766 Duorum
326 2704 533 2766 correctorum
570 2720 681 2765 manus
715 2703 943 2782 discernuntur,
981 2704 1034 2784 qui
1071 2703 1121 2766 uel
1154 2702 1267 2766 menda

149 2805 301 2870 sanabant
311 2805 361 2868 uel
373 2806 519 2870 lectiones
532 2805 740 2887 discrepantes
754 2806 961 2887 adponebant3
974 2810 1133 2888 praeterea
1145 2807 1266 2889 glossae

149 2913 181 2974 et
197 2910 311 2973 latinae
334 2912 365 2973 et
379 2910 572 2995 germanicae
584 2909 605 2992 ¹)
620 2911 775 2992 leguntur.
810 2910 1024 2975 Usitatissima
1038 2913 1085 2974 est
1100 2910 1267 2993 geminatio

147 3014 270 3077 litterae
292 3033 307 3074 a
331 3015 362 3076 et
382 3014 568 3095 permutatio
590 3014 763 3078 littera-rum
785 3034 815 3074 ra
837 3017 868 3078 et
890 3035 921 3078 a.
959 3015 1045 3078 Folia
1060 3013 1267 3095 quaternionis

148 3117 233 3181 VlII.
258 3114 410 3201 (53-63)
442 3135 530 3181 erosa
560 3120 591 3180 et
619 3119 753 3181 lacerata
775 3121 858 3198 suut,
889 3118 1003 3181 desinit
1033 3118 1126 3181 codex
1147 3118 1179 3181 in
1198 3136 1268 3180 ner·

149 3239 219 3285 sum
240 3221 285 3284 IV
308 3219 380 3284 790.

191 3324 337 3388 lliusdem
360 3325 475 3388 saeculi
497 3329 545 3389 est
568 3326 661 3389 etiam
684 3326 777 3390 codex
799 3325 999 3410 Augiensis
1030 3326 1123 3407 (nunc
1144 3324 1316 3389 Ka1·oli-A

147 3426 304 3510 rubensis)
329 3425 389 3489 112
410 3428 431 3491 f.
450 3426 511 3491 115
540 3429 657 3492 formae
685 3429 860 3510 quadratae,
891 3431 944 3512 qui
971 3448 1052 3494 nunc
1074 3430 1207 3512 primum
1229 3429 1267 3492 ad

149 3533 241 3596 crisin
262 3532 484 3597 quencianam
499 3534 623 3598 accitur.
648 3532 792 3599 Continet
813 3535 834 3598 f.
854 3533 869 3595 1
893 3534 949 3598 Du
972 3531 1266 3599 GRAMMATIOA.

151 3632 340 3698 Gramaticc
355 3644 399 3697 cut
413 3634 547 3698 scicntia
562 3644 643 3698 recte
659 3634 809 3720 loquendi
824 3646 851 3700 ct
871 3636 959 3722 oripo
978 3645 1007 3699 ct
1015 3633 1268 3719 fundamentum

150 3737 337 3802 liberalium
353 3737 546 3802 litterarum.
570 3741 646 3803 buco
660 3739 845 3827 disciplinis
869 3740 940 3824 (sio)
958 3749 1033 3826 post
1049 3738 1175 3802 litteras
1190 3760 1267 3802 com-

147 3863 256 3905 munae
279 3841 414 3905 iuuenta
428 3852 473 3906 cat
489 3893 495 3904 .
514 3891 521 3905 .
539 3894 545 3907 .
569 3845 621 3928 (ci.
634 3845 758 3930 Hagen,
780 3844 941 3910 Auecdota
955 3844 1119 3909 Heluetico
1132 3864 1162 3926 p.
1179 3845 1268 3908 XXX

146 3990 257 4055 leonori
278 3991 502 4075 grammatica).
540 3990 685 4073 Sequitur
706 3993 875 4076 caprinum
897 3992 952 4055 nn
974 3948 1175 4057 niarasis
1198 3991 1268 4056 nn-

192 4169 211 4240 1)
231 4170 270 4224 De
283 4169 377 4238 quibus
390 4168 422 4224 cf.
434 4169 534 4227 Sievcrs
547 4173 574 4226 et
586 4171 749 4243 Steinmoyor
767 4170 825 4236 ‚Die
843 4170 1094 4227 althochdeutschen
1107 4171 1217 4228 Glosson
1235 4163 1266 4227 I‘.
