2940 4672
637 271 874 339 P'rolegomena.

303 441 592 521 Constantinus,
614 443 703 506 oden
725 445 779 505 cni
800 444 909 530 pretio
932 443 1031 530 diyno
1051 444 1192 520 merenti,

303 544 369 618 Qnt
390 544 477 609 totns
500 567 609 632 reynrn
631 546 718 608 socri
740 545 804 609 sibi
824 547 962 609 nominis
985 547 1092 610 horret

298 649 417 734 Inponi
434 649 574 733 pondus,
598 671 657 734 qno
680 649 777 713 iustis
800 649 929 736 diynior
951 651 1032 714 actis

299 750 468 816 Aeternam
490 753 599 837 capiet
620 752 738 816 diuino
761 753 796 816 in
818 753 949 818 saecula
970 754 1075 818 nitunt
1085 755 1109 839 ¹)

198 896 265 956 tum
296 912 331 955 ex
353 892 568 975 Hieronymi
594 892 786 974 testimonio,
818 895 870 975 qui
897 895 930 959 in
953 893 1100 960 Chronico
1130 893 1180 956 ed.
1198 911 1313 957 annum

549 985 611 1050 329

199 1045 320 1129 Olymp.
332 1044 404 1127 278,
418 1045 530 1112 Christi
546 1077 613 1171 ᾖ)
629 1049 756 1114 adnotat
770 1047 822 1131 (cl.
834 1048 872 1112 A.
884 1048 1030 1129 Schoene,
1046 1049 1160 1112 lllusebl
1173 1047 1312 1113 Chronic.

200 1201 273 1268 Gan.
290 1221 369 1284 quse
391 1206 566 1284 supersunt,
588 1203 622 1267 H
642 1223 672 1287 p.
692 1202 780 1288 192);

244 1341 398 1405 quencus
420 1341 588 1424 presbyter,
611 1341 734 1406 natione
756 1343 924 1425 Hispanus,
947 1341 1116 1425 Euangelis
1138 1341 1265 1405 heroicis

805 1445 946 1510 uersibus
969 1444 1107 1526 explicet.

120 1602 125 1611 ·
198 1579 246 1645 De
273 1580 338 1645 eius
364 1582 430 1646 ulta
455 1581 532 1646 nihil
559 1581 641 1646 aliud
667 1585 787 1647 constal
815 1583 875 1647 nisi
901 1600 978 1664 quae
1004 1582 1087 1647 idem
1107 1583 1314 1663 Hieronymus

198 1684 301 1765 tradit,
325 1685 362 1748 de
383 1685 459 1748 uiris
480 1683 652 1767 illustribus
675 1704 700 1749 c.
717 1685 876 1749 LXXXIV
898 1684 958 1767 (ed.
974 1685 1141 1768 Herding):

241 1788 404 1868 quencus,
434 1786 620 1852 nobilissimi
641 1788 763 1871 generis
784 1788 952 1870 Hispanus,
980 1785 1148 1869 presbyter,
1171 1790 1315 1868 quattuor

199 1892 358 1974 euangelia
387 1891 741 1967 hexametris'uersibus
771 1909 869 1974 poene
899 1892 938 1955 ad
966 1891 1097 1954 uerbum
1125 1889 1314 1954 transferens

200 1997 343 2076 quattuor
364 1994 458 2058 libros
481 1986 661 2076 composuit,
691 1998 722 2058 et
744 1995 927 2078 nonnulle2)
957 1995 1063 2058 eodem
1087 1997 1184 2058 metro
1206 1993 1245 2056 ad
1266 2010 1315 2056 ss-

199 2101 425 2162 cramentorum
442 2097 578 2161 ordinem
594 2097 788 2179 pertinentia.
817 2097 934 2162 Floruit
949 2097 1006 2162 sub
1020 2095 1220 2162 Constantino
1232 2095 1315 2177 prin-

199 2200 274 2283 cipe.
286 2201 310 2284 ³)

240 2304 406 2369 Praeterea
411 2304 540 2369 quenci
551 2305 736 2368 mentionem
748 2305 823 2368 fecit
831 2305 912 2369 idem
924 2305 956 2368 in
969 2304 1056 2385 epist.
1067 2304 1105 2367 sd
1112 2303 1264 2386 Magnum
1272 2300 1290 2363 7
1293 2299 1314 2364 0

198 2405 263 2488 td,
278 2408 304 2488 I,
319 2427 348 2489 p.
365 2405 427 2470 428
443 2407 503 2490 (ed.
521 2407 667 2492 Vallarsi)
690 2407 852 2488 ,quencus
867 2407 1026 2491 presbyter
1041 2406 1098 2470 sub
1115 2405 1314 2471 Constantino

195 2639 197 2645 .
243 2596 262 2664 ¹)
284 2593 324 2651 cf.
345 2593 427 2648 finem
449 2594 580 2660 omminis,
606 2594 649 2649 cui
671 2594 823 2650 inscribitur
845 2594 955 2659 ,Laudes
977 2594 1092 2648 Domini‘
1114 2610 1139 2647 u.
1157 2595 1206 2649 143
1222 2610 1242 2646 s.
1263 2591 1313 2661 (ed.

198 2680 334 2750 Brontes).

241 2767 261 2836 ²)
279 2769 318 2822 De
335 2767 385 2821 hoc
402 2784 478 2836 opere
495 2767 519 2822 si
534 2784 599 2822 uere
615 2769 706 2823 namet
715 2767 891 2838 Hieronymus
910 2766 990 2838 (quod
1008 2765 1128 2835 equidem
1145 2765 1314 2835 negauerim),

198 2852 265 2908 nihil
282 2852 317 2907 ed
334 2870 381 2907 nos
397 2853 525 2922 peruenit.

242 2940 262 3009 ³)
288 2940 326 2994 Ex
346 2939 396 2993 hoc
417 2938 490 2994 fonte
511 2939 587 2994 fluxit
609 2939 737 3008 quidquid
759 2940 790 2994 de
812 2940 921 2994 quenci
943 2941 1000 2994 uite
1021 2942 1048 2993 et
1073 2939 1102 2992 in
1122 2939 1196 2993 libris
1223 2954 1315 2993 menu-

199 3027 303 3097 scriptis
321 3026 453 3094 integrum
470 3025 514 3079 uel
535 3029 641 3080 auctum
661 3027 759 3098 legitur
780 3029 806 3081 et
828 3025 860 3080 ab
882 3026 1031 3080 auctoribus
1054 3024 1169 3079 traditur
1185 3023 1229 3093 (cf.
1247 3023 1317 3083 intra

198 3130 224 3182 p.
236 3112 323 3167 XXIV
335 3114 375 3182 s).
415 3111 572 3166 conferendi
590 3114 652 3166 sunt
668 3116 814 3183 praeterea:

242 3198 416 3267 Gregorius
440 3198 544 3262 Turon,
561 3197 624 3252 hist.
641 3197 732 3253 Hranc.
750 3199 764 3252 I
781 3215 803 3253 c.
820 3201 854 3255 36
871 3198 906 3267 (p.
926 3200 957 3254 51
981 3197 1021 3252 ed.
1037 3197 1126 3252 Arndt
1147 3200 1174 3251 et
1190 3195 1316 3264 Kruschlz

199 3285 223 3340 A
241 3285 378 3339 uiccssimo
395 3284 481 3354 primo
498 3284 568 3337 enim
585 3285 641 3338 sius
658 3284 762 3354 imperii
779 3301 847 3338 anno
864 3284 1032 3338 Hierouimus
1052 3282 1197 3353 praesbiter
1214 3280 1318 3335 eddidit

199 3370 319 3425 indicans
336 3370 481 3424 quencum
498 3369 688 3439 praesbiterum
706 3371 842 3439 euangelia
863 3369 982 3424 uersibus
1004 3368 1185 3423 conscribsisse
1208 3377 1317 3435 rogante

200 3456 349 3527 supradicto
367 3457 523 3524 imperatore
540 3456 607 3523 (scit.
625 3455 818 3525 destante).

242 3543 398 3599 Alcuinus
416 3542 459 3611 (cl.
472 3542 554 3610 Mign.
566 3544 586 3596 t.
600 3545 657 3606 101,
668 3559 693 3612 p.
707 3545 764 3611 152)
777 3542 836 3597 edu.
849 3542 964 3596 Felicem
975 3541 1011 3604 11,
1025 3543 1052 3595 6:
1070 3540 1107 3594 At
1118 3540 1142 3593 si
1152 3537 1246 3592 mundi
1257 3537 1317 3590 doc·

201 3628 301 3684 toribus
328 3629 419 3683 ceteris
441 3628 515 3682 uobis
537 3644 589 3682 non
610 3627 676 3682 libet
698 3628 809 3692 credere,
835 3628 929 3682 uestris
951 3626 1043 3680 saltem
1071 3623 1228 3679 doctissimis
1254 3622 1317 3675 uiris

201 3716 306 3771 credite.
338 3715 439 3770 Oecinit
455 3714 585 3769 quencus
605 3714 742 3783 presbyter
759 3723 786 3769 et
804 3714 968 3768 doctissimus
986 3712 1127 3780 Hispaniae
1147 3709 1317 3764 scholasticus

201 3803 229 3856 in
247 3802 360 3855 carmine
378 3801 527 3870 euangelico
544 3801 594 3854 hoo
611 3799 690 3854 modo
707 3800 732 3870 (I
749 3803 805 3869 dol:

235 3924 311 3978 Nan
327 3928 375 3977 tuo
392 3923 541 3991 concipient
558 3923 662 3977 caelesti
678 3923 783 3978 nisena
799 3923 876 3977 insen

236 4010 349 4077 Notum,
367 4025 442 4079 quom
458 4025 568 4078 reyrme
586 4009 660 4063 Dens
673 4025 724 4078 per
739 4008 848 4078 sinynlu
866 4006 923 4076 [F.
937 4023 989 4075 per
1004 4003 1125 4071 saeculo]
1142 4010 1243 4059 cuncto.

237 4096 277 4150 uu
288 4097 431 4164 propriam
448 4096 520 4150 credi
536 4096 649 4151 sobolem
665 4095 811 4167 pandetque
828 4095 948 4162 iubetque

237 4183 320 4238 Hense
336 4181 430 4252 [bren]
447 4183 494 4237 nti
512 4183 560 4236 eu
578 4182 661 4236 lucem
679 4181 789 4250 dedens,
806 4181 842 4235 sit
858 4180 964 4235 nomine
981 4175 1105 4247 [nomen]
1117 4178 1194 4233 Jesne
1205 4175 1317 4247 [IesnsJ.
