2940 4672
208 247 271 301 XIV
645 250 884 317 Prolegomcna.

208 422 336 506 Inpubis
348 425 434 506 pueri
446 425 600 488 cruciatur
612 424 739 506 spiritus
752 443 832 508 aeger
958 411 1090 509 Inpubis
1104 426 1231 511 (1143).

210 525 860 611 Olaraphilippeopollcntdenomincrura
961 529 1123 614 Philippei)
1137 531 1198 616 (III
1209 530 1295 616 258).

208 630 385 694 Horomatis
398 631 488 696 huius
502 635 641 715 expertos
653 632 744 696 166116
756 637 882 698 cunctos
961 631 1327 720 Hortmuus(111340*).

209 733 337 816 Moyseo
347 753 376 816 q.
384 734 490 817 legum
501 736 604 818 posuit
613 739 766 818 praecepta
777 736 893 802 nubere
961 737 1085 803 Nubere
1097 738 1155 821 (IV
1169 738 1230 821 15).

208 836 350 902 Aeternis
362 840 434 903 uitae
447 839 534 903 sertis
545 839 707 904 redimitus
720 839 818 904 abibit
959 837 1134 907 1116116111ιῖ6
1147 842 1302 926 (117116).

250 993 288 1058 In
311 995 591 1076 quaestionibus
614 997 882 1080 grammaticis,
906 1015 983 1079 quas
1005 999 1045 1063 H.
1062 999 1211 1082 Hagcnus
1235 998 1328 1062 edidit

209 1117 225 1176 6
248 1097 351 1162 codice
373 1097 523 1162 Beruensi
546 1096 587 1161 83
610 1118 634 1163 s.
658 1099 695 1180 X,
718 1100 871 1164 quencus
894 1101 1011 1165 duobus
1033 1103 1109 1166 locis
1136 1103 1246 1166 citatur
1275 1100 1326 1184 (61.

207 1200 366 1266 Anecdota
386 1202 548 1266 Heluetico
575 1222 607 1285 p.
632 1200 702 1283 179,
725 1201 774 1286 8):
807 1203 888 1267 Nam
919 1221 975 1267 noc
1004 1205 1036 1269 in
1064 1205 1113 1270 lris
1142 1206 1218 1289 ipsis
1242 1205 1329 1269 uide-

208 1305 280 1369 licet
303 1306 364 1386 ,616ι
388 1310 419 1369 61
442 1306 537 1386 ,uelis‘
560 1325 659 1388 neque
681 1307 713 1370 io
736 1307 804 1370 aliis
826 1307 930 1370 uerbis
950 1309 1151 1373 coniunctiuis
1172 1309 1329 1391 praeteriti

208 1409 259 1472 uel
280 1409 376 1472 futuri
405 1409 496 1474 debet
521 1409 675 1473 ullatenus
702 1412 734 1473 in
760 1411 950 1493 paenultimo
971 1411 1099 1493 pluralis
1125 1413 1246 1476 numeri
1266 1412 1329 1494 pri·

208 1530 329 1577 marum
352 1531 406 1577 666
429 1513 632 1590 secundarum
654 1532 855 1596 personarum
877 1515 987 1598 corripi
1009 1518 1087 1580 teste
1110 1514 1214 1580 Seruio
1237 1534 1329 1598 super

208 1616 378 1700 Vergilium
399 1616 432 1680 in
454 1617 532 1682 libro
554 1616 598 1680 VI
619 1616 827 1681 Aeneidorunr
851 1618 889 1681 de
910 1620 1074 1700 praeterito

315 1772 479 1856 Egerimus
501 1773 584 1837 nosti
606 1775 637 1836 61
659 1773 790 1837 nimium
813 1772 991 1837 meminisse
1014 1790 1140 1839 6666666
1163 1776 1218 1838 661.

208 1927 262 1995 Ait
282 1929 378 1992 onim:
400 1928 444 2009 ,ri‘
461 1929 644 1992 necessitate
664 1928 755 1991 metri
774 1927 929 2010 corripuit.
970 1927 1011 1991 lut
1029 1927 1212 2005 quencus
1228 1928 1265 1991 de
1279 1928 1328 1992 fu·

209 2034 278 2097 turo
300 2035 432 2096 testatur

289 2184 355 2248 Nec
370 2184 511 2249 ,66611616
533 2195 677 2261 sanctum
701 2183 853 2248 (1661661116
875 2205 954 2248 occe
976 2164 1086 2248 6611116
1109 2183 1236 2269 (1664)

209 2363 239 2425 p.
259 2339 328 2423 186,
344 2339 385 2404 28
415 2340 555 2407 Seuerus
568 2341 815 2424 amphibrachys.
839 2340 1007 2405 quencus:

281 2493 374 2569 Quod
394 2495 508 2559 scirem
528 2495 665 2558 Domino
689 2504 796 2558 memet
817 2495 942 2558 seruire
964 2516 1074 2558 secero
1098 2495 1154 2576 (IV
1176 2493 1262 2578 241).

210 2654 280 2718 Η66
309 2654 503 2718 referendum
534 2656 581 2716 est
610 2652 691 2734 quod
720 2651 834 2735 legitur
861 2652 894 2715 in
925 2650 1058 2734 epistula
1084 2650 1177 2734 Lupi
1206 2651 1330 2715 Ferra-

209 2758 359 2821 ricnsis:
382 2755 507 2821 Seruius
529 2758 634 2820 auctor
654 2757 711 2835 ost,
734 2757 786 2836 qui
805 2771 840 2818 co
855 2773 948 2819 uersu
963 2754 1017 2819 ubi
1031 2754 1178 2838 Virgilius
1195 2754 1330 2837 systolen

210 2861 285 2925 fecit
299 2861 348 2925 his
367 2859 485 2924 uerbis:
508 2859 681 2942 Egerimus,
704 2859 796 2939 nosti,
819 2861 850 2923 61
865 2859 995 2922 nimium
1011 2858 1189 2922 meminisse
1204 2875 1331 2923 necesse

211 2967 267 3029 est.
309 2964 357 3048 Ri,
378 2964 487 3045 iuquit,
511 2963 602 3026 metri
624 2963 807 3026 necessitato
830 2963 985 3043 corripuit.
1030 2961 1111 3025 Item
1132 2961 1329 3025 quencus:

214 3066 262 3130 Ne
284 3075 430 3130 ecoctam
452 3070 509 3131 etc.
529 3066 605 3130 licet
626 3066 749 3148 quidam
771 3066 969 3148 praeteritum
991 3065 1163 3147 perfer'um
1185 3064 1331 3129 subiunc-

211 3171 269 3236 tiui
292 3174 322 3235 ct
344 3171 482 3235 futurum
508 3168 628 3233 differre
651 3169 787 3234 scribant
810 3168 863 3251 (cf.
888 3168 980 3232 etiam
1000 3168 1081 3232 inira
1101 3187 1131 3249 p.
1147 3167 1224 3230 XIX
1238 3164 1286 3247 6.).

254 3274 342 3339 Adue
361 3277 529 3358 praeterea,
553 3273 633 3355 quod
648 3272 816 3336 Thurotius
837 3271 974 3354 (notices
989 3275 1020 3334 61
1042 3270 1166 3334 extraits
1190 3269 1242 3343 des
1265 3286 1331 3332 ma-

212 3380 344 3443 nuscrits
367 3381 389 3442 1.
405 3377 497 3442 XXII
511 3396 540 3459 p.
557 3373 634 3460 424)
656 3376 791 3441 adnotat.

254 3481 342 3546 Aeuo
371 3482 451 3563 quod
479 3480 585 3544 dicunt
606 3481 699 3564 uulgo
722 3479 898 3545 (laroIInum
920 3478 1090 3542 queucum
1113 3495 1184 3540 cum
1205 3477 1331 3558 reliquis

211 3588 311 3669 poetis
341 3584 513 3649 christianis
544 3583 677 3648 multum
707 3583 881 3648 lectitatum
909 3601 975 3646 6666
1003 3581 1071 3663 quis
1097 3580 1252 3664 ignorabit
1280 3581 1331 3644 661

213 3690 327 3754 mirum
348 3686 494 3753 habebit?
531 3687 599 3752 Iam
628 3687 710 3751 inter
738 3685 847 3750 Pauli
876 3689 913 3750 61
940 3684 1043 3748 Petri
1073 3683 1211 3747 carmina
1235 3681 1332 3746 -dubia

213 3793 359 3876 leguntur
383 3792 459 3856 hacc
482 3790 533 3873 (cf.
549 3791 741 3870 Ducmmler,
762 3789 875 3854 Poetae
897 3788 966 3853 aeui
990 3786 1088 3851 Oarol.
1111 3786 1128 3850 Ι
1149 3806 1178 3869 p.
1200 3784 1240 3849 76
1263 3804 1333 3849 uer·

214 3915 266 3960 sus
289 3895 431 3960 Fiduciae
454 3896 492 3959 ad
514 3893 760 3978 Angelramnum
781 3891 949 3976 presulem)
971 3911 1000 3955 6.
1019 3889 1072 3974 146

341 4051 445 4115 Portio
468 4050 510 4115 sit
530 4049 589 4114 tibi
611 4067 682 4113 cum
703 4049 784 4113 iusto
807 4047 948 4114 Simcoue
969 4046 1075 4111 beato!

341 4154 510 4230 leudulfus
531 4154 637 4218 rutilat
658 4153 733 4217 miro
756 4152 793 4217 de
816 4155 895 4216 arte
916 4152 1073 4216 quenci
