2940 4672
576 256 813 324 Prolegomena.

263 428 366 511 Atque
389 428 607 512 Angslpertus,
630 429 726 493 diuini
748 427 839 492 ambo
860 431 978 510 poetae,

267 533 348 612 Quos
370 533 498 597 Plaoous
520 532 617 596 Varro
638 532 780 597 Luoanus
801 532 944 613 Nasoque
966 532 1126 596 honorant.

177 670 359 735 Alouinus
375 671 422 735 De
438 669 656 735 diuoilioiiso.
670 667 1049 754 5(Mign.t.101,1179):
1068 669 1128 732 Per
1144 686 1253 733 aurum

137 793 190 838 rer
227 774 409 839 ostenditur.
458 775 495 839 In
528 776 618 838 thure
650 774 735 839 Deus
769 774 963 858 dignoscitur.
1012 772 1072 836 Per
1108 791 1253 854 myrram,

136 878 227 941 homo
249 895 360 959 passus
383 881 474 959 atque
498 878 645 961 sepultus.
682 877 768 941 Haeo
790 877 870 951 dona
890 877 1072 941 quenous
1095 875 1255 959 presbyter

137 981 214 1045 mire
238 981 365 1062 [metro]
389 982 539 1047 conclusit

229 1114 367 1195 Ausum,
390 1119 473 1196 thus,
495 1120 660 1204 myrrham
682 1118 808 1204 rapique
829 1117 955 1202 Deoqoe
978 1116 1155 1202 hominique

230 1219 325 1284 Dona
341 1221 460 1308 ferant
482 1221 511 1305 (I
533 1220 677 1305 2508q.).

137 1360 283 1425 Pluribus
306 1361 381 1425 loois
409 1362 474 1425 eius
497 1361 684 1425 mentionem
707 1360 782 1424 feeit
803 1363 838 1424 ut
859 1361 891 1423 in
913 1359 1052 1423 uersibus
1075 1360 1112 1423 de
1135 1357 1255 1423 Sanotis

138 1463 353 1528 Euborioensis
377 1464 523 1528 ecelesiae
546 1483 575 1527 u.
597 1460 677 1526 1550
699 1462 751 1546 (of.
774 1464 794 1526 l.
811 1482 836 1526 o.
860 1462 877 1526 I
898 1483 927 1545 p.
943 1460 1034 1546 204);

223 1619 302 1698 Quid
324 1637 444 1701 quoquo
468 1617 606 1683 Sedulius
629 1620 679 1682 uel
702 1619 774 1700 quid
797 1619 880 1682 osuit
900 1618 965 1700 ipse
986 1617 1169 1682 quenous

222 1721 361 1788 Alcimus
385 1726 417 1787 et
439 1721 592 1803 Clemens,
613 1721 755 1806 Prosper,
777 1722 936 1802 Paulinus,
958 1720 1080 1802 Arator,

223 1826 304 1905 Quid
325 1827 510 1891 Fortunatus
533 1827 584 1890 uel
606 1827 680 1908 quid
702 1827 884 1890 Lactantius
903 1826 998 1891 edunt
1018 1861 1061 1871 —

136 1979 385 2063 inepistola126
402 1982 452 2065 (of.
488 1980 557 2060 affe,
568 1981 772 2056 Monumenta
782 1979 933 2045 Alouiana
946 2001 976 2064 p.
989 1978 1080 2063 510):
1104 1979 1158 2044 Ait
1172 1980 1255 2043 enim

138 2085 264 2166 quidam
286 2089 379 2167 poeta
400 2084 437 2148 de
459 2102 549 2167 opero
571 2084 716 2147 earminis
740 2084 910 2166 euangelio

251 2236 320 2301 Hoc
342 2258 423 2322 opus
445 2239 501 2300 boc
523 2237 635 2305 etenim
651 2235 773 2322 forsan
795 2258 841 2299 me
861 2235 1027 2299 subtrahet
1048 2237 1152 2322 i9oe1)

256 2339 343 2404 Tuae
365 2363 434 2404 omn
448 2339 670 2427 flammiuoma
691 2339 791 2402 indes
813 2338 974 2403 descendet
995 2338 1034 2401 ab
1057 2341 1163 2424 ao‘ce2)

139 2496 240 2559 dioam
264 2499 295 2560 et
316 2514 373 2580 ego

261 2635 328 2698 Hoo
350 2652 426 2716 opus
449 2635 506 2698 hoo
529 2635 643 2698 etenim
666 2651 727 2697 non
750 2635 850 2698 solum
872 2616 1035 2698 subtrahet
1055 2634 1126 2717 igne

262 2738 305 2800 Te
326 2739 399 2817 iam,
422 2738 476 2801 sed
499 2737 591 2803 laoiot
612 2737 689 2800 oaeli
711 2737 915 2801 oonseendere
937 2737 970 2803 in
993 2754 1095 2806 arcem
1117 2773 1157 2783 -

138 2876 172 2938 in
194 2875 327 2958 epistula
351 2872 411 2937 143
434 2874 486 2957 (ad
510 2873 654 2939 carolum
677 2892 782 2957 regern
803 2874 889 2957 ‘dotat
910 2874 930 2937 l.
948 2892 972 2937 o.
996 2885 1026 2957 p.
1040 2871 1119 2948 547:

138 3012 177 3077 In
203 3013 261 3077 hoo
283 3032 357 3077 nam
378 3032 416 3077 ue
439 3014 585 3094 opusoulo
607 3013 773 3077 oatholioae
799 3011 871 3075 fidei
892 3013 1056 3077 ueritatem
1078 3032 1114 3076 er
1136 3017 1258 3079 saneto·

139 3135 209 3179 rum
230 3032 555 3198 pat1uquertissimis
577 3115 706 3199 probare
727 3116 913 3180 testimoniis
936 3117 1021 3180 nisus
1045 3134 1128 3191 sum;
1158 3117 1189 3180 id
1212 3120 1259 3181 est

140 3219 222 3284 beati
247 3220 428 3302 Hieronymi
458 3223 550 3301 atque
579 3221 678 3283 saneti
700 3218 877 3303 Augustini,
908 3218 1046 3303 Gregorii
1074 3238 1172 3302 papae
1197 3221 1258 3285 Ro-

141 3323 234 3403 mani,
263 3323 375 3387 Hilarii
403 3323 606 3387 Piotauiensis
637 3323 780 3406 episeopi,
810 3322 920 3387 Leonis
950 3340 1069 3404 quoque
1097 3341 1194 3406 papae
1227 3328 1259 3389 et

140 3411 295 3509 Fulgentii
324 3427 471 3509 episcopi,
504 3426 662 3490 Ambrosii
694 3443 813 3508 quoque
842 3425 1081 3490 Mediolanensis
1114 3427 1257 3510 episcopi,

141 3520 195 3593 sed
222 3532 253 3593 et
278 3530 437 3594 fortissimi
459 3532 564 3594 eontra
585 3529 763 3594 Nestorium
785 3529 892 3592 militis
916 3528 1030 3612 Cyrilli,
1056 3528 1142 3593 Petri
1164 3530 1257 3595 etiam

140 3631 291 3696 Rauensis
319 3633 453 3716 episeopi
479 3636 511 3697 et
536 3632 620 3697 beati
641 3632 743 3696 Bedae
764 3631 944 3715 presbyteri.
974 3630 1174 3716 Gregoriique
1194 3633 1258 3697 Na-

142 3736 267 3799 aanzeni
294 3755 351 3801 neo
373 3754 434 3800 non
457 3739 488 3800 et
509 3735 631 3800 Ysidori
652 3736 867 3818 Hispaniensis
891 3739 922 3800 et
943 3734 1097 3800 quenci
1120 3736 1257 3801 eiusdem

141 3840 316 3921 prouinciae
339 3840 491 3904 seolastioi
513 3876 555 3886 —

183 3942 216 4007 in
239 3943 370 4025 epistula
395 3941 454 4006 166
478 3943 529 4027 (ad
552 3942 774 4026 Theudullum)
795 3944 817 4007 1.
833 3960 859 4007 o.
879 3962 909 4025 p.
925 3940 1001 4008 607:

186 4163 205 4232 ¹)
222 4163 265 4221 sio.
320 4143 340 4235 ²)
357 4164 390 4220 of.
402 4163 474 4224 intra
491 4163 573 4236 praef.
586 4151 654 4218 uers.
668 4167 700 4221 62
718 4168 745 4218 et
762 4167 803 4224 23.
901 4194 904 4200 ’
