2940 4672
181 239 248 296 VIII
619 243 854 313 Prolegomena.

180 416 213 480 in
234 417 346 481 Matth.
362 416 423 497 18,
441 416 490 497 11,
506 419 567 482 uol.
583 418 653 498 VH,
669 439 698 501 p.
718 417 758 481 14
773 419 833 502 (ed.
850 420 959 505 Vall.):
984 421 1203 501 ,Pulcherrima
1224 443 1294 487 mu-

180 539 289 585 nemm
312 524 506 586 sacramenta
526 522 680 587 lunencus
702 523 863 606 presbyter
885 543 956 589 cnm
978 526 1129 589 uersiculo
1156 544 1294 609 compre-

180 624 300 690 hendit:
327 623 391 687 Tros
406 645 524 687 aarum
538 627 710 711 myrrham,
733 626 861 712 rapique
876 627 1054 713 hominique
1070 629 1185 714 deoque
1198 630 1294 693 Dono

173 722 314 814 ferunt?
350 728 476 795 Saeculo
505 748 578 797 uero
607 731 781 813 insequenti
807 729 947 797 Gelasii
973 734 1129 798 decretum
1154 735 1230 798 illud
1256 735 1293 798 de

179 831 265 896 libris
286 833 468 915 recipiendis
495 836 545 899 uel
573 852 634 899 non
655 835 838 918 recipiendis
859 836 987 901 quenci
1009 856 1132 901 carmen
1158 839 1189 902 in
1212 838 1293 902 hune

180 938 306 1001 modum
321 936 470 1019 approbat
484 942 516 1003 et
530 939 682 1003 collaudat
696 938 736 1021 (c.
752 937 822 1023 34):
847 940 935 1020 ,Item
950 941 1079 1006 quenci
1093 941 1292 1006 nihilominus

178 1039 366 1105 laboriosum
387 1059 463 1124 opus
486 1060 547 1107 non
569 1042 743 1124 spernimus
766 1043 819 1106 sed
842 1044 1007 1108 miramm‘.
1020 1043 1044 1128 ¹)
1082 1044 1180 1125 Quam
1202 1047 1293 1129 longe

179 1143 302 1226 lateque
329 1163 364 1210 eo
393 1148 531 1228 tempore
552 1145 680 1210 quenci
709 1165 834 1211 carmen
859 1152 1062 1232 propagatum
1090 1149 1193 1230 fuerit,
1222 1150 1292 1213 inde

179 1248 321 1329 conicias,
348 1250 428 1330 quod
455 1267 525 1314 eum
551 1254 691 1315 auctores
718 1268 779 1315 non
805 1252 893 1333 pauci
914 1253 977 1315 iam
999 1255 1073 1316 sunt
1092 1253 1205 1317 imitati
1226 1253 1293 1334 ut²)

180 1357 283 1419 auctor
298 1354 441 1419 carminis
457 1355 604 1419 aduersus
619 1355 806 1420 Marcionem
822 1353 874 1437 (cf.
890 1354 971 1439 Aug.
984 1355 1057 1437 Ort,
1072 1356 1294 1440 Prolegomena

179 1459 216 1522 de
238 1459 374 1523 carmine
387 1445 542 1523 ¹aduersus
563 1459 753 1524 Marcionem
773 1478 804 1541 p.
820 1457 871 1539 33,
894 1459 1052 1541 Manitius,
1075 1460 1216 1544 Beitrage
1240 1480 1293 1535 nur

179 1561 362 1628 Geschichte
376 1562 639 1627 irdhchristlicher
652 1562 781 1628 Dichter·
795 1563 838 1626 im
854 1563 1034 1628 Mittelalter
1051 1583 1081 1646 p.
1099 1562 1164 1646 23),
1187 1567 1292 1628 auctor

179 1665 322 1730 carminis
345 1665 382 1729 de
403 1666 595 1747 prouidentia
617 1667 731 1747 diuina,
754 1666 834 1748 quod
856 1666 992 1748 plerique
1007 1666 1156 1749 Pmspero
1179 1667 1292 1731 adscri-

178 1926 358 1992 pernenernnt
377 1924 455 1994 Legi
472 1941 536 1994 opus
553 1925 655 1994 insigne
673 1924 743 1992 quod
759 1924 916 1978 hexametris
932 1923 1193 1994 pentametrisqueff)
1211 1923 1291 1977 uersi-

178 2008 227 2063 bus
249 2009 403 2079 composuit,
426 2009 458 2064 de
480 2014 591 2083 quatuor
612 2010 753 2080 euangeliis
774 2009 856 2064 libros
877 2011 923 2074 IV,
945 2010 976 2064 de
999 2010 1167 2065 sacramentis
1185 2009 1230 2064 lib.
1249 2009 1292 2074 11;

177 2099 279 2150 matera
295 2112 361 2164 quae
378 2097 553 2165 composuisse
571 2096 675 2162 dicitur,
693 2096 727 2150 ad
744 2113 837 2151 manus
849 2099 952 2151 nostras
964 2113 1017 2150 nen
1028 2098 1164 2150 uenerunt.
1191 2094 1292 2150 Claruit

178 2181 227 2236 snb
245 2180 418 2239 Constantino
436 2199 531 2252 magno
549 2186 576 2238 et
592 2183 679 2237 liliis
697 2184 764 2237 eius
783 2199 851 2237 anno
869 2183 967 2237 domini
985 2182 1129 2240 CCCXXX.

222 2269 337 2323 Petrus
359 2268 514 2334 Crinitus,
538 2269 569 2340 de
592 2269 674 2338 poetis
696 2270 753 2324 Lat.
771 2269 794 2323 V
816 2286 837 2324 e.
854 2273 899 2327 88:
921 2270 1050 2324 quencus
1075 2271 1160 2339 pocta,
1187 2269 1291 2322 natione

180 2356 321 2431 Hispanus,
339 2354 441 2410 familia
457 2357 555 2425 insigni
572 2357 734 2424 maximeque
751 2356 848 2410 illustri
866 2360 943 2411 natus
961 2359 1008 2420 est,
1030 2359 1060 2410 ut
1082 2355 1114 2409 ab
1131 2354 1292 2422 Hieronymo

182 2444 300 2498 traditur.
322 2443 464 2512 Praecipue
481 2443 571 2497 floruit
581 2443 771 2513 imperantibus
783 2442 936 2498 Constantio
948 2447 975 2497 et
986 2442 1139 2499 Constante:
1157 2457 1209 2510 qua
1225 2444 1291 2495 tenr-

180 2533 280 2600 pestate
302 2530 331 2583 in
352 2529 499 2598 eloquentia
520 2530 591 2600 apud
607 2530 714 2584 Latinos
737 2530 800 2584 olari
821 2529 930 2584 fuerunt
946 2528 1100 2584 Tiberianus
1117 2527 1243 2581 Nauarius
1266 2529 1293 2580 et

181 2615 287 2670 Flauius
305 2616 439 2685 Vopiscus,
462 2616 507 2684 qui
529 2616 560 2670 de
582 2617 663 2686 gestis
679 2616 858 2670 Romanorum
875 2615 1024 2685 principum
1040 2613 1121 2669 libros
1139 2612 1291 2683 composuit.

180 2703 254 2758 Inter
271 2703 322 2757 alia
338 2706 466 2773 poemata,
484 2719 549 2772 qnae
567 2702 690 2758 dicuntur·
707 2703 739 2757 ab
757 2703 808 2757 alio
825 2702 903 2768 edita,
921 2702 1025 2771 scripsit
1036 2704 1147 2770 quatuor
1158 2698 1293 2769 euangelia

120 2823 122 2828 ·
180 2788 337 2844 hexametris
354 2788 531 2844 uersibus...
560 2789 689 2844 quenous
708 2790 809 2858 aliquot
824 2789 936 2858 hymnos
954 2789 1024 2852 iecit,
1046 2788 1139 2857 quibus
1157 2786 1234 2840 facile
1252 2786 1291 2839 in-

182 2873 280 2929 dicauit
301 2892 328 2929 se
349 2876 447 2945 optime
468 2877 593 2930 meritum
616 2876 647 2930 de
668 2876 793 2945 religione
814 2875 969 2932 Christiana.
999 2876 1089 2943 Neque
1112 2873 1221 2928 dubium
1244 2875 1290 2935 est,

180 2959 261 3015 fnisse
282 2960 359 3015 illum
382 2963 452 3016 inter
473 2962 619 3017 sacerdotes
646 2963 808 3026 christianos,
831 2965 862 3016 ut
887 2966 987 3017 ueteres
1014 2965 1131 3015 auctores
1152 2962 1290 3014 testantur.

179 3047 265 3101 Diuus
282 3047 458 3118 Hieronymus
479 3048 577 3102 alicubi
598 3050 692 3119 repetit
708 3049 817 3104 quenci
840 3048 956 3103 carmina
978 3063 1088 3116 eumque
1110 3049 1141 3100 ut
1157 3045 1290 3100 eruditum

180 3136 207 3188 et
225 3133 370 3202 elegantem
386 3137 492 3204 poetam
509 3135 683 3191 commendat

222 3221 262 3274 De
284 3221 458 3276 recentiorum
480 3222 637 3277 testimoniis
655 3222 772 3277 conferas
789 3221 938 3275 Erhardum
955 3219 1148 3274 Reusohinm
1170 3218 1198 3270 in
1217 3233 1290 3285 prae·

180 3304 278 3361 tatione
296 3307 425 3373 editionis,
448 3324 513 3376 quae
530 3309 629 3378 prodiit
645 3308 812 3363 Francolurti
832 3311 858 3362 et
874 3309 976 3377 Lipsiae
994 3322 1062 3361 anno
1080 3307 1153 3368 1710,
1175 3308 1202 3357 et
1218 3302 1290 3356 Are-

111 3438 113 3443 .
180 3395 247 3449 nali
264 3393 404 3449 editionem
421 3411 446 3464 p.
459 3397 492 3451 23
510 3395 601 3464 (Mign.
619 3399 638 3450 t.
653 3397 702 3465 19).

225 3482 243 3550 ¹)
261 3480 300 3537 Cf.
319 3480 389 3550 qnod
411 3482 442 3535 de
461 3481 564 3537 Gelasio
580 3482 803 3552 Lnitprandus
824 3482 853 3535 in
870 3481 936 3535 Vitis
953 3479 1108 3549 pontificum
1126 3493 1146 3530 o.
1159 3480 1191 3532 51
1210 3475 1290 3528 adno-

180 3571 231 3624 tat:
248 3570 317 3623 Item
335 3567 420 3623 Orosii
436 3569 574 3624 historiam
591 3569 683 3624 laudat
699 3571 727 3622 et
743 3583 807 3638 opus
825 3567 923 3621 Sedulii
941 3570 968 3621 et
983 3565 1099 3619 quenci.

224 3657 243 3725 ²)
260 3657 300 3710 De
317 3655 432 3710 Ausonio
450 3654 515 3710 dicit
531 3656 656 3711 Manitius
679 3655 812 3725 (Zeitschr.
830 3654 848 3708 f.
866 3654 890 3708 d.
908 3656 997 3707 bstanr.
1015 3652 1110 3720 Gymn.
1129 3652 1203 3713 1886,
1216 3651 1289 3729 2141(

180 3744 238 3797 Neu
255 3743 291 3797 ist
307 3744 364 3797 hier
381 3742 428 3796 der
444 3743 581 3798 Naohweis
599 3742 645 3797 der
661 3744 817 3810 Benirtzung
834 3741 879 3794 des
896 3740 1033 3802 quenous,
1056 3738 1098 3791 die
1121 3736 1176 3790 sich
1193 3736 1221 3789 in
1239 3735 1288 3788 den

89 3884 92 3889 ,
180 3832 327 3888 Gedichten
349 3830 393 3885 des
410 3830 541 3885 Ausonius
562 3829 698 3884 mehrfach
720 3828 811 3892 findet,
832 3843 932 3880 woraus
954 3826 1020 3880 auch
1042 3822 1206 3891 hervorgeht
1229 3820 1289 3874 dass

180 3919 310 3974 Ausonius
332 3919 388 3973 sich
410 3917 477 3972 doch
498 3917 580 3982 mehr,
602 3916 641 3970 als
662 3932 723 3969 man
744 3915 836 3968 fruher
853 3913 974 3975 annahm,
992 3911 1042 3965 mit
1059 3910 1105 3963 der
1122 3907 1288 3962 christlichen

179 4006 311 4063 Litaratur
332 4006 513 4075 beschtftigte.
547 4005 584 4059 At
605 4002 723 4057 uersibus
745 4018 784 4070 ep.
800 3999 853 4054 VII
875 4001 898 4064 2,
915 4002 932 4055 8
953 3999 1109 4068 (ignicomus
1131 3995 1180 4064 sol)
1202 3998 1229 4047 et
1249 4010 1287 4062 ep.

180 4094 282 4162 VIII,9
300 4093 446 4161 (sollemnia
462 4092 590 4162 paschae),
608 4091 653 4159 qui
670 4089 719 4144 soli
730 4089 875 4142 quencum
892 4086 971 4150 olent,
988 4083 1098 4139 Ausonii
1114 4081 1227 4136 imitatio
1244 4081 1288 4134 Iu·

180 4187 305 4240 uenciana
323 4184 385 4239 satis
403 4183 582 4237 demonstrata
598 4193 653 4232 esse
665 4176 730 4231 mihi
742 4174 846 4244 quidem
859 4188 912 4227 non
923 4171 1027 4226 uidetur
1039 4169 1082 4239 (ei.
1091 4167 1125 4223 ib.
1137 4171 1211 4233 1888,
1220 4168 1288 4236 588).
