2940 4672
209 251 286 304 XXII
649 250 886 319 Prolegomena.

209 425 315 490 Laeae
337 426 471 491 abertas
494 424 646 492 describit
663 424 795 512 proelia
820 423 942 489 Christi

209 530 287 594 Iure
309 552 399 593 sacer
421 529 559 610 attalae,
583 529 640 615 qai
661 529 786 592 raoeoe'a
801 529 904 616 fotor
927 530 1030 593 aaita.

210 634 344 697 Ioaaaer
360 632 480 719 fremit
502 656 555 697 ore
571 631 617 697 teo
640 633 757 696 similis
780 633 932 719 1119111111,

212 737 341 801 Intonat
363 747 509 800 aeternae
526 737 677 823 paadeae
699 737 852 822 mysteria
875 737 975 800 uitae.
1004 739 1055 822 (of.
1072 740 1157 804 infre
1178 741 1272 822 praei.
1292 739 1330 820 I.)

252 869 462 952 Reprehendit
484 887 555 933 eum
577 888 649 933 eum
671 868 740 934 eliis
759 868 1330 951 1111111111111111118111111111-

209 973 286 1037 oius
302 990 480 1037 sermonum
498 972 576 1037 libro
595 972 652 1036 ΠΙ.
671 992 700 1036 u.
718 971 781 1035 270
804 971 856 1055 (ei.
873 973 1039 1037 editionem
1054 972 1176 1037 Manilii
1198 993 1227 1056 p.
1243 973 1328 1056 XV):

209 1102 326 1166 Verum
350 1101 355 1184 Ι
378 1102 551 1182 Alehimus,
585 1100 708 1182 Aretor,
742 1101 882 1167 Sedulius
913 1105 1005 1183 atque
1033 1102 1217 1167 queneus
1238 1099 1242 1187 )
1261 1102 1330 1166 Non

209 1205 287 1270 bene
309 1206 439 1270 torretis
462 1209 621 1289 opponunt
642 1206 727 1290 regia
747 1205 831 1270 uasis
851 1206 855 1286 )
875 1205 1012 1269 11111111.

209 1309 296 1374 Idem
318 1309 460 1392 pluribus.
478 1310 552 1375 loeis
576 1327 647 1373 eum
668 1309 806 1374 imitatus
830 1313 886 1372 est.

252 1439 289 1503 In
312 1438 515 1523 florilegio,
539 1439 619 1521 quod
638 1436 981 1503 111111112271.ΧΠ
1006 1440 1185 1504 monasterii
1207 1444 1331 1505 11111111

210 1540 326 1622 Crucis,
348 1542 381 1607 in
404 1543 506 1606 eodiee
530 1540 750 1607 1011111111
773 1543 951 1606 monasterii
965 1541 1330 1626 Neoeleustroburgensis

210 1645 261 1729 (ef.
274 1646 400 1711 Wiener
415 1644 540 1710 Studien
555 1646 601 1709 IX
614 1664 644 1727 p.
660 1643 726 1729 62),
748 1646 879 1709 fortasse
901 1646 992 1709 etium
1014 1646 1046 1709 in
1069 1647 1133 1711 eod.
1150 1647 1330 1711 Monacensi

209 1748 292 1812 6911
320 1768 345 1813 s.
368 1748 442 1813 XIV
470 1750 591 1833 legum,
622 1767 730 1812 uersus
763 1749 960 1830 praefationis
997 1749 1054 1813 soli
1086 1752 1173 1830 eique
1208 1751 1330 1814 uariun-

208 1857 256 1918 tes
279 1852 472 1916 eontinentur
494 1852 546 1935 (oi.
567 1853 744 1917 Zeitsehrift
762 1853 782 1916 1.
800 1855 906 1916 ostem.
923 1851 1070 1934 Gymnas.
1088 1850 1181 1933 1881,
1198 1853 1226 1918 S.
1242 1851 1328 1936 415).

210 1957 255 2022 At
275 1956 459 2040 florilegium
485 1957 550 2020 eod.
567 1955 702 2040 Sangall.
719 1953 781 2018 878
805 1954 858 2038 (of.
874 1956 983 2021 Rhein.
999 1956 1080 2020 Mus.
1099 1954 1181 2019 1881)
1203 1977 1232 2039 p.
1253 1947 1329 2039 263)

209 2078 317 2124 uersus
340 2060 356 2123 Ι
378 2057 451 2140 102,
474 2058 537 2122 664
557 2056 716 2142 176821)
740 2058 870 2123 exhibet.

252 2162 472 2227 Vincentius
502 2162 780 2227 Bellouaoensis
811 2181 891 2244 spee.
916 2163 1009 2227 doetr.
1033 2162 1061 2226 V
1084 2162 1125 2227 65
1147 2163 1207 2246 (ed.
1232 2165 1329 2228 Duae.

210 2267 243 2331 Π
256 2264 348 2349 441);
372 2267 525 2331 queneus
546 2266 615 2331 libr.
631 2266 679 2330 lII

256 2393 374 2458 Felices
391 2414 481 2480 paro
503 2386 560 2478 qai
582 2392 704 2457 caetera
725 2391 818 2456 eorde
841 2403 989 2457 tueatur:

260 2496 409 2561 Viribilie
431 2497 519 2560 Deae
542 2497 591 2560 tie
609 2519 672 2584 per
694 2494 802 2560 secata
824 2506 938 2560 eaaeta
959 2496 1098 2560 manebit
1120 2499 1149 2582 (I
1170 2499 1234 2563 463
1257 2502 1328 2583 sq.).

211 2629 239 2692 V
263 2626 304 2690 79
326 2628 369 2712 (p.
386 2625 462 2712 448)
485 2628 638 2692 queuous
661 2627 763 2692 libri

260 2745 381 2811 Felices
404 2747 547 2825 tramites,
565 2769 697 2833 pauper
719 2768 795 2833 qaae
818 2747 957 2834 spiritur
980 2747 1090 2827 auehit,

256 2851 334 2915 Illos
356 2874 430 2915 aare
451 2849 533 2915 caeti
555 2864 687 2938 requam
709 2849 842 2915 sublime
864 2862 1004 2938 receptat
1025 2852 1055 2937 (Ι
1076 2851 1222 2938 4714111.)

252 2983 370 3065 Roger
392 2981 496 3061 Boeo,
520 2981 678 3064 eompend.
700 2982 782 3047 stud.
797 3002 827 3065 p.
842 2979 906 3045 416
929 2982 989 3066 (ed.
1005 2982 1154 3066 Breuem:
1185 2983 1330 3049 Similiter

212 3085 294 3168 opud
319 3087 427 3167 poetes
451 3083 642 3149 Christianos
665 3084 742 3165 siue,
767 3086 804 3149 ut
825 3086 935 3151 melius
958 3086 1069 3166 dioem,
1097 3090 1237 3151 auctores
1261 3088 1331 3152 doe-

211 3190 358 3269 tirsimos,
381 3188 552 3253 euiusmodi
574 3191 647 3253 suut
668 3187 810 3253 Sedulius
833 3193 864 3254 et
884 3190 1017 3273 Prosper
1039 3193 1070 3254 et
1087 3189 1200 3254 Areten
1223 3195 1253 3254 11
1275 3192 1330 3254 Iu-

213 3311 350 3357 ueneus
381 3295 412 3356 11
438 3292 490 3356 olii
516 3309 623 3356 omnes
646 3309 721 3373 quos
744 3293 893 3378 approbet
915 3293 1043 3358 eoelesiu
1066 3296 1097 3357 et
1120 3294 1233 3357 summi
1255 3311 1331 3376 pon·

213 3396 310 3461 tifioes
341 3396 422 3460 siout
450 3398 536 3478 petet
560 3396 592 3459 in
613 3396 747 3479 prologis
768 3396 879 3460 horum
900 3395 1048 3460 librorum
1071 3398 1103 3459 et
1123 3395 1329 3478 Hieronymus

212 3505 244 3566 et
265 3500 351 3565 Beda
380 3502 411 3564 et
439 3518 545 3564 omnes
574 3500 692 3581 antiqui
721 3500 885 3582 sapientes.
929 3499 1111 3563 quenous
1144 3499 1248 3582 igitur,
1278 3500 1329 3581 qui

212 3605 331 3687 primus
353 3603 412 3667 fuit
434 3607 465 3666 et
486 3603 682 3667 metrifieeuit
702 3602 896 3667 Matthaeum
920 3602 1124 3685 euangelium,
1147 3602 1191 3665 sie
1214 3602 1286 3666 dioit

254 3721 369 3808 Officio
392 3723 601 3810 amissamque
625 3721 734 3786 1111111
752 3721 914 3807 promissa
937 3719 1092 3806 loquelam
1115 3719 1228 3806 (148).

213 3846 274 3909 Hie
304 3845 441 3908 aufertur
471 3845 581 3909 ultima
610 3843 728 3926 syllaba
754 3843 869 3907 scilieet
894 3847 929 3907 ut
950 3840 1187 3927 efficiendorum
1209 3846 1240 3907 11
1261 3862 1330 3909 oee-

214 3952 293 4012 tere:
317 3964 374 4011 neo
395 3951 498 4030 potest
518 3948 587 4031 plus
611 3947 723 4011 auferri
747 3946 813 4010 sine
834 3946 970 4010 falsitate
992 3965 1111 4011 uersus.

259 4172 278 4247 1)
296 4187 355 4227 eum
372 4171 480 4228 tertione
497 4171 590 4228 uaria:
608 4167 695 4222 uerbis
708 4185 762 4240 pro
779 4167 867 4237 signis.
