2940 4672
212 250 266 304 XII
649 253 888 322 Prolegomena.

211 444 241 506 p.
258 421 331 502 593,
350 424 385 485 11
420 425 538 490 Urceus
567 428 688 510 generis
717 430 819 492 neutri
848 434 879 494 et
906 431 989 493 moei
1015 448 1076 494 non
1103 450 1193 496 mooe
1214 437 1250 498 ut
1270 435 1327 500 Iu·

467 547 604 595 uenons
626 531 714 596 drxrt:

418 629 536 696 Uneene
558 642 603 697 est
623 631 737 697 nullas
759 655 814 698 neo
839 644 915 697 some
936 633 997 699 eloi
1018 634 1156 700 sinente
1169 635 1326 724 snnnml)

467 736 513 820 (11
534 735 619 820 seo).

253 873 335 955 Quot
360 875 499 958 exempla
524 874 741 941 Aldhelmns
764 895 782 941 a
803 877 936 942 quenoo
966 879 1195 962 deprompserit,
1225 880 1326 945 Mani-

209 979 272 1043 tius
293 979 328 1043 in
348 979 494 1061 opnsonlo
516 979 571 1060 ,Zu
585 977 731 1046 Aldhelm
746 981 809 1045 und
824 981 937 1062 Baeda,
959 981 1049 1046 Wien
1068 979 1169 1064 1886‘,
1184 1003 1214 1066 p.
1230 981 1272 1046 36
1280 1003 1323 1065 sq.

211 1083 286 1147 satis
309 1082 540 1147 demonstrauit.
576 1083 733 1148 Nonnulla
754 1087 877 1149 tantum
900 1084 1035 1149 adferam
1050 1103 1121 1149 oum
1136 1104 1171 1150 ex
1187 1086 1326 1151 editioni·

210 1186 279 1266 bus,
302 1187 409 1268 quales
424 1205 506 1251 nuno
526 1190 607 1267 sunt,
629 1206 740 1270 parum
754 1188 871 1252 duetus
887 1188 926 1252 ad
941 1206 1064 1253 oarmen
1079 1189 1207 1253 quenoi
1221 1209 1325 1255 emen-

211 1289 347 1352 dandum
375 1289 631 1354 illustrandumne
660 1290 828 1370 redundet,
861 1290 900 1354 el.
928 1291 1014 1374 epist.
1042 1291 1080 1355 ad
1101 1291 1257 1357 Aoiroium
1287 1294 1325 1358 de
1442 1301 1445 1306 '

211 1392 384 1475 septenario
400 1395 431 1456 et
446 1393 483 1457 de
498 1411 531 1457 re
547 1394 750 1477 grammatica
769 1396 799 1458 et
819 1394 946 1458 metrioa
959 1414 988 1477 p.
1005 1392 1069 1458 545
1090 1394 1174 1478 (edit.
1198 1396 1237 1461 A.
1261 1397 1325 1464 Mai

210 1496 242 1558 in
272 1496 389 1560 elassis.
414 1499 494 1560 anot.
515 1498 590 1560 tom.
606 1496 662 1579 Vi:
692 1496 874 1561 Inuenons
903 1497 1061 1580 Hispanus
1083 1498 1182 1581 primo
1204 1500 1323 1583 prolog

210 1618 302 1664 uersu
325 1600 415 1664 huius
437 1600 482 1664 rei
503 1600 644 1665 notitiam
665 1601 775 1683 pandit

312 1735 487 1800 Inmortale
508 1735 594 1801 55555
617 1737 731 1801 mnndi
752 1758 889 1824 eonpape
911 1747 1035 1802 tenetur
1057 1738 1164 1822 (praef.
1180 1739 1220 1823 1).

212 1897 242 1960 p.
259 1874 322 1940 576
352 1877 533 1959 ‘pecuscula'
555 1879 589 1940 ut
611 1876 791 1941 lunenons

353 1979 490 2042 Fonoam
511 1979 540 2041 ee'
555 1976 649 2063 forte
666 1977 840 2065 pecuscula
861 1989 971 2043 nestra
992 1978 1144 2044 inciderit
1166 1980 1211 2063 (II
1226 1979 1312 2063 590).

256 2118 427 2183 lunenoum
456 2118 562 2182 citauit
593 2119 684 2184 etiam
714 2118 813 2182 Beda
837 2117 1065 2183 Venerabilis
1098 2119 1130 2183 in
1162 2118 1240 2183 libro
1272 2120 1324 2182 illo

213 2242 304 2306 saepe
326 2223 450 2287 laudato
475 2223 511 2286 de
538 2226 603 2286 arte
629 2223 758 2287 metrioa
782 2225 818 2286 ut
841 2243 871 2306 p.
891 2220 953 2288 233
976 2222 1028 2306 (of.
1050 2223 1090 2287 H.
1110 2223 1192 2303 Keil,
1214 2222 1324 2288 Gram-

213 2328 318 2393 mstioi
339 2328 392 2392 lat.
407 2331 481 2391 tom.
498 2325 585 2410 ΥΠ)

255 2431 389 2496 Oetauus
412 2431 520 2494 modus
543 2432 598 2510 est,
621 2449 691 2493 eum
713 2433 884 2512 correptam
904 2431 1042 2495 uooalem
1064 2431 1096 2494 in
1116 2431 1222 2494 eadem
1237 2433 1323 2513 parte

212 2535 357 2602 orationis
384 2533 522 2615 sequitur
544 2554 559 2596 n
582 2551 751 2598 consonans
777 2551 887 2618 graeoa
909 2533 1032 2616 duplex:
1060 2536 1108 2598 est
1130 2534 1211 2598 enim
1232 2534 1324 2617 longa

212 2640 245 2703 in
267 2639 325 2703 hoo
346 2639 498 2703 quenci

328 2775 475 2863 Difficile
497 2784 541 2838 esi
563 2775 659 2838 terris
682 2774 803 2858 adfines
826 2775 929 2840 diuite
950 2798 1029 2862 paea
1051 2776 1112 2860 (ΠΙ
1133 2774 1208 2859 522)

215 2920 245 2981 et
268 2916 369 2980 breuis
391 2918 423 2980 in
445 2916 502 2979 hoo
524 2915 661 2979 eiusdem

291 3053 334 3115 Et
350 3075 434 3146 'pazo
456 3050 598 3115 distabat
620 3072 729 3113 rernm
747 3051 903 3136 possessio
918 3050 1053 3137 folipene
1076 3050 1248 3135 (111499);

215 3193 339 3257 nomine
362 3191 493 3256 auctoris
516 3208 577 3254 non
600 3190 716 3254 addito:

214 3352 244 3415 p.
261 3328 333 3411 232,
348 3328 389 3393 27
418 3326 605 3412 monitam)
633 3327 763 3390 Mariae
795 3349 866 3389 euno
896 3326 1006 3410 primo
1039 3324 1194 3410 affamina
1226 3324 1323 3388 sensit

214 3559 244 3621 p.
261 3536 333 3618 245,
348 3535 391 3600 20
419 3430 590 3598 1555555555
611 3533 697 3597 ninii
717 3532 830 3596 mandi
851 3553 987 3618 oonpape
1009 3541 1133 3594 tenetur
1155 3531 1262 3615 (praef.
1282 3532 1322 3615 1),

260 3678 302 3690 -
348 3639 389 3703 28
419 3637 569 3720 Pooifloos
603 3637 680 3701 dene
709 3637 745 3699 in
773 3658 939 3699 nnnoennm
966 3635 1029 3718 853)
1053 3633 1161 3720 prolis
1190 3633 1323 3719 adoptat

215 3870 244 3933 p.
262 3847 334 3930 247,
349 3846 392 3911 24
421 3739 721 3909 5755555625555555
737 3846 820 3907 leuno
840 3854 876 3906 tn
894 3840 1323 3925 nocitonemennento(1‘26),

215 3974 245 4037 p.
262 3950 334 4033 250,
352 3949 391 4015 15
420 3949 479 4012 illi
502 3949 650 4012 continno
672 3957 819 4010 statuunt
841 3956 889 4010 ten
911 3946 993 4009 dena
1015 3946 1139 4031 arpenti
1160 3945 1217 4028 (IV
1232 3944 1323 4029 426);

215 4101 418 4110 —-—

261 4178 280 4247 ¹)
298 4176 336 4229 ibi
352 4173 450 4228 finoulo
466 4175 529 4230 MV
578 4174 598 4243 ²)
615 4172 733 4227 exultant
748 4173 774 4226 L
826 4171 847 4240 ³)
864 4170 914 4223 sibi
930 4174 960 4227 F
