2940 4672
597 234 836 302 Prolegomsna.
1181 239 1274 292 XXIII

155 406 198 472 ib.
214 428 244 491 p.
260 405 338 470 460:
361 408 401 471 lot
423 409 575 472 nomisma
596 407 753 474 breuiatur
775 409 807 473 in
829 413 929 493 prima
951 413 1070 494 syllaba
1085 415 1115 476 et
1129 432 1275 478 nummus

154 510 300 595 longatnr
321 511 353 575 iu
380 512 480 595 prima
502 511 621 594 syllaba
642 517 678 576 ut
700 512 873 578 differentia
895 515 992 578 maior
1022 519 1167 599 appareat
1195 518 1276 581 inter

154 613 209 678 illa
239 618 275 678 ut
296 614 449 679 habentur
471 633 490 678 a
511 615 670 680 quenco
692 617 724 679 ln
747 619 836 680 tertio
858 617 936 683 libro
959 637 1050 701 super
1071 619 1275 700 Matthaeum,

154 717 208 782 ubi
230 717 304 782 dicit
326 718 370 782 sic

177 873 333 959 Inspicite
355 873 390 936 iu
412 895 574 936 nummum
594 872 773 960 sculptique
794 874 990 939 nomismatis
1014 898 1092 940 cccc
1114 876 1170 960 (IV
1196 877 1258 961 10).

157 1029 199 1094 ib.
216 1050 247 1113 p.
262 1027 339 1092 lau:
362 1029 521 1095 Barabbas
537 1031 686 1112 siquidem
701 1049 813 1096 nomen
828 1031 947 1097 Latinis
961 1033 994 1096 in
1010 1033 1169 1116 euangelio
1184 1034 1278 1099 habet

157 1133 292 1197 mediam
312 1134 503 1215 productam,
526 1134 563 1198 de
585 1134 672 1198 euius
694 1137 822 1199 accentu
844 1136 1030 1201 credendum
1053 1139 1101 1200 est
1114 1136 1276 1201 quenco

158 1240 189 1301 et
211 1236 332 1303 Sedulio
355 1237 529 1303 auctoribus
552 1238 643 1304 certis
666 1241 698 1304 et
719 1238 830 1322 dignis.
875 1239 1057 1304 quencus
1080 1239 1152 1304 dicit

270 1387 401 1455 Pilatus
424 1390 522 1454 douct
538 1389 640 1477 picti,
664 1391 784 1479 icqique
805 1391 983 1455 Burubdau
1004 1393 1063 1476 (IV
1078 1390 1163 1477 624).

198 1547 324 1613 Litteris
347 1548 462 1613 renatis
484 1549 583 1630 qualis
599 1551 792 1630 quantusque
806 1548 961 1613 quencus
977 1548 1017 1613 ab
1033 1548 1207 1613 auctoribus
1223 1549 1278 1613 ha·

155 1652 241 1716 bitus
253 1652 303 1732 sit,
320 1671 356 1715 ex
366 1652 552 1716 testimoniis
568 1669 755 1733 quamquam
771 1653 875 1734 paucis
887 1652 1019 1717 conicias
1032 1671 1110 1734 quae
1121 1652 1277 1717 Erhardus

116 1830 119 1838 Ι
156 1755 301 1819 Reusch
330 1755 362 1819 in
384 1755 573 1836 praelatione
595 1755 736 1819 editionIs
764 1773 847 1836 suae,
873 1755 1057 1820 Areualus
1083 1757 1116 1820 in
1138 1756 1278 1839 prolego-

158 1858 256 1922 menis
286 1859 385 1940 capite
414 1859 480 1938 lv,
511 1857 662 1938 Gebser,
691 1859 739 1922 De
767 1857 833 1923 Gaii
861 1859 956 1923 Vettii
982 1857 1122 1941 Aquilini
1150 1859 1278 1923 quenci

156 1960 328 2044 presbyteri
342 1962 473 2044 Hispani
488 1962 553 2025 ulta
568 1964 599 2026 et
613 1962 734 2044 scriptis
749 1981 779 2043 p.
799 1959 838 2022 13
854 1981 878 2025 s.
894 1965 1123 2045 congesserunt.
1157 1961 1195 2026 In
1211 1961 1278 2025 bib-

155 2065 294 2130 liothecis
310 2067 565 2129 monasteriorum
586 2069 617 2129 et
632 2065 870 2147 antiquissorum
887 2069 917 2129 et
935 2084 990 2147 per
1010 2084 1122 2129 aeuum
1141 2066 1278 2129 medium

155 2169 425 2234 celeberrimorum
448 2169 575 2232 quenci
604 2186 680 2252 opus
711 2169 912 2233 adseruatum
938 2172 970 2233 et
998 2169 1171 2233 lectitatum
1201 2187 1278 2250 esse,

154 2271 468 2336 bibliothecarum
489 2273 684 2355 catalogis,
707 2290 783 2354 quas
803 2271 959 2337 Gustauus
974 2272 1117 2337 Bekker
1139 2270 1279 2353 (Bonnae

158 2373 254 2459 1885)
269 2374 393 2459 collegit
408 2376 532 2456 multas,
553 2376 629 2440 satis
647 2375 802 2458 probatur.
833 2374 918 2459 Opus
933 2375 1061 2440 quenci
1081 2374 1279 2439 coniunctum

155 2479 216 2544 fult
240 2480 423 2562 plerumque
449 2497 521 2544 cum
551 2480 619 2544 aliis
645 2480 744 2563 poetis
774 2480 948 2545 christianis
977 2479 1139 2562 praecipue
1165 2477 1280 2544 Sedulii

157 2583 293 2647 carmine
322 2583 479 2651 Paschali:
510 2583 548 2646 cf.
570 2603 596 2647 e.
616 2603 646 2667 g.
667 2583 841 2667 catalogum
862 2582 1037 2647 Bobbiense
1059 2601 1084 2646 s.
1104 2601 1133 2662 r,
1161 2582 1193 2645 in
1220 2600 1280 2663 qua

158 2687 230 2751 libri
258 2705 278 2750 a
305 2687 449 2770 Dungalo
479 2687 649 2770 ,praecipuo
680 2686 849 2752 Scotorum‘
882 2687 1058 2750 beatissimo
1088 2685 1279 2750 columbano

159 2789 256 2854 oblati
271 2791 466 2854 continentur
481 2789 533 2873 (cl.
550 2789 840 2872 Muratomlntiqq.
859 2789 931 2854 Ital.
951 2790 1030 2853 med.
1048 2789 1117 2853 aeui
1133 2791 1213 2853 tom.
1230 2788 1279 2851 HI

158 2914 189 2976 p.
210 2891 272 2956 818
292 2912 328 2974 s.,
354 2893 475 2958 Bekker
497 2894 517 2957 l.
537 2911 563 2957 c.
582 2912 612 2975 p.
633 2891 701 2977 I0):
731 2890 803 2975 ,498
829 2892 958 2957 Librum
984 2892 1146 2956 Fortunati
1171 2910 1279 2973 unum,

158 2998 191 3061 in
214 3014 273 3078 quo
296 3000 345 3062 est
357 2997 518 3077 Paulinus,
540 2996 662 3075 Arator,
684 2997 837 3060 quencus
861 2998 892 3060 et
907 2994 1003 3060 (latu‘
1033 2995 1152 3059 Itidem
1177 2994 1279 3075 ,breue

159 3102 197 3165 de
218 3101 304 3165 libris
327 3100 477 3166 Theodori
498 3101 683 3183 presbyteri:
706 3097 768 3163 586
792 3098 906 3165 Sedulii
927 3099 1064 3163 quencii
1087 3102 1118 3163 et
1136 3098 1280 3181 Prosperi

159 3223 196 3270 ac
224 3204 383 3268 Prudentii
417 3207 449 3268 et
482 3205 612 3269 aliorum
645 3202 887 3267 uersificatomm
920 3201 998 3266 liber
1031 3203 1130 3266 unue‘.
1176 3200 1280 3282 Atque

160 3310 250 3372 uetus
266 3306 476 3372 cluniacensis
497 3307 700 3373 bibliothecae
716 3308 872 3390 catalogus
888 3304 941 3387 (el.
957 3305 1084 3386 Bellula,
1099 3304 1143 3369 Ic
1158 3303 1281 3370 cabinet

160 3412 214 3476 des
237 3412 423 3476 manuscrits
445 3431 474 3494 p.
491 3411 523 3475 Π
545 3409 608 3474 459
624 3411 664 3494 s.)
685 3411 780 3476 habet
794 3411 884 3474 haec:
909 3405 982 3490 ,524
996 3408 1149 3473 Volumeu
1168 3408 1201 3472 in
1220 3426 1281 3490 qno

160 3515 333 3580 continetm
347 3514 469 3597 Arator,
489 3515 572 3578 idem
586 3513 771 3579 Fortunatus
787 3516 822 3577 ut
837 3530 938 3598 supra,
955 3511 1153 3596 Porphyrius,
1168 3511 1281 3576 quen-

160 3636 226 3700 cus,
253 3617 405 3699 Sedulius,
427 3617 514 3682 Auiti
540 3618 700 3699 episcopus
717 3667 724 3681 .
742 3666 774 3681 ..
798 3613 861 3684 526
890 3615 1043 3679 Volumen
1068 3615 1101 3679 in
1127 3633 1187 3697 quo
1210 3630 1281 3680 eon·

159 3721 298 3786 tinentur
312 3721 477 3801 quencus,
497 3719 649 3801 Sedulius,
670 3720 793 3803 Arator,
811 3719 953 3802 Prosper,
974 3718 1127 3800 quoddam
1146 3720 1300 3782 metrum

161 3825 352 3906 Tertulliani,
380 3823 466 3908 (lato,
492 3825 643 3904 Auienus,
674 3824 807 3906 quedam
836 3823 956 3887 diuersa
985 3821 1181 3886 collectiones
1211 3840 1282 3886 uer-

161 3947 252 3994 suum
281 3928 473 3993 diuersorum
502 3930 649 4008 actorum,
678 3927 749 3992 libri
769 3926 897 3990 Archini
924 3925 1068 4011 episcopi,
1099 3943 1148 3989 ars
1170 3925 1281 3990 Isidori

160 4032 199 4096 de
229 4032 433 4115 grammatica
461 4035 492 4096 et
520 4031 558 4095 de
588 4030 755 4113 disciplinis
785 4029 915 4094 aliarum
945 4028 1078 4092 artium‘
1120 4028 1166 4091 En
1194 4028 1281 4094 libris

161 4136 379 4221 manuscriptis
406 4135 505 4202 multi
523 4139 664 4202 nostrum
690 4135 848 4202 saeculum
873 4131 1023 4200 tulerunt.
1060 4128 1180 4200 Horum
1203 4133 1282 4200 anti-
