2940 4672
581 233 818 301 Prolegomena.
1186 225 1260 278 XXV

135 394 455 495 fremit-misteria
477 407 566 470 uitae
595 405 727 469 caluetii
750 403 784 493 :ll
807 403 952 490 aquilini
976 404 1011 489 ιιι
1034 401 1105 464 siue
1128 400 1260 463 iuuenci

143 533 176 580 so
198 515 246 578 iar
267 514 300 577 in
321 514 407 597 large
430 513 521 595 fancy
547 512 685 595 capitals,
716 512 790 576 then
820 509 1027 590 immediately
1056 508 1088 570 in
1118 505 1260 587 ordinary

143 618 276 682 untials:
292 616 408 679 immor
409 613 713 692 taleuibil-routa,
725 609 1128 690 thenoflcafhlcooestts,
1144 606 1260 671 Dulcis

145 719 360 783 urlauest
322 728 360 781 ut
384 740 449 803 sepo
449 718 575 821 clipea
604 717 788 802 loquamur:
805 752 840 770 ω
858 716 927 779 Rea
947 713 1088 799 fuit—
1112 713 1177 777 leaf
1202 711 1262 775 36

144 823 246 910 tctipit
267 831 417 886 seruator
439 822 498 885 ihs.
522 843 604 884 caua
622 821 836 884 ministerium
852 818 1026 905 praebebat
1038 816 1167 902 semiue
1181 836 1261 878 meu-

142 927 203 990 sis:
224 960 307 978 am
331 928 405 991 then
433 930 466 991 at
488 944 562 990 once
584 927 616 990 iu
638 927 738 1009 larger
760 927 842 1009 capit
829 926 904 989 tzals
933 920 1164 1006 sapientissimi
1189 918 1262 983 uiri

143 1031 299 1094 qucuci:
309 1029 449 1116 apiarii:
461 1027 700 1114 euaupelioruus
725 1027 805 1092 liber
815 1028 969 1113 primus:
980 1024 1113 1110 explicit
1128 1023 1262 1087 caluetii

141 1133 372 1218 waquiliuiw
386 1132 464 1195 lude
479 1131 656 1218 philippus
676 1131 870 1200 attulisse
889 1132 951 1195 last
969 1130 1067 1194 words
1088 1147 1139 1193 are
1157 1129 1190 1192 in
1208 1127 1263 1190 red

142 1238 221 1302 but
185 1241 244 1302 ιιιι
260 1238 402 1320 ordinary
416 1237 545 1316 uncials,
562 1255 634 1302 orer
648 1237 713 1300 leai
726 1233 852 1319 (scutit
866 1235 1027 1318 proceeds.
1047 1254 1153 1296 aruer
1170 1231 1262 1295 dubi

142 1350 213 1404 tare
240 1340 360 1425 quiesce
387 1349 416 1402 ct
438 1338 594 1424 proprios
617 1340 678 1401 bue
700 1360 793 1424 saepe
814 1360 919 1424 propes
942 1337 987 1400 acl
1005 1335 1126 1422 poeula
1154 1335 1260 1400 duait

141 1444 355 1531 Progredieus
374 1443 453 1506 uide
471 1440 516 1505 ab
539 1441 641 1506 oculis
662 1443 748 1505 tueri
765 1442 870 1505 licebit
885 1442 930 1505 ad
945 1443 1000 1504 boc
1015 1449 1164 1504 seruator
1179 1439 1264 1503 talia

146 1548 235 1612 dicta
258 1547 383 1611 detulit.
407 1547 537 1631 Iamque
559 1545 626 1608 dies
649 1585 688 1592 --
712 1548 765 1611 the
788 1545 840 1609 20‘1
862 1547 942 1611 book
958 1546 1043 1626 ends,
1066 1545 1127 1610 and
1142 1546 1194 1609 the
1210 1543 1263 1607 ΒΜ

141 1652 251 1738 begins
274 1653 346 1716 thus
362 1650 462 1735 (gp),
487 1649 659 1734 turbasque
674 1649 815 1734 reliquit.
838 1634 945 1734 Eripit·
956 1650 1046 1732 Inept
1060 1648 1137 1713 liber
1152 1649 1262 1712 tertius

144 1754 282 1840 (iared)
302 1754 505 1819 Fudcrat—
521 1755 575 1818 the
597 1753 646 1816 3¹d
668 1754 748 1819 book
771 1755 855 1834 ende,
880 1755 939 1818 and
961 1755 1014 1818 the
1036 1751 1086 1815 4⁰¹
1107 1752 1187 1816 book
1209 1752 1263 1816 be-

142 1861 247 1962 gine
236 1857 336 1942 (93⁶):
359 1858 523 1920 homiuum
552 1856 613 1944 sely
615 1857 659 1920 tio
681 1856 754 1939 jict:
779 1858 1017 1941 Euangeliorum
1046 1856 1167 1920 libert
1153 1859 1200 1920 ter
1201 1857 1263 1920 tius

144 1964 247 2047 explet
276 1961 327 2045 (iu
357 1960 429 2046 red)
458 1961 527 2043 Iept
557 1879 694 2025 eirisdem
715 1961 850 2026 liber..
881 1959 930 2043 (iu
962 1959 1068 2044 blacls)
1097 1964 1188 2042 quart
1174 1957 1265 2023 tus(

142 2067 273 2132 feliciter
300 2063 317 2123 i
344 2064 395 2150 (ia
423 2063 507 2148 recl).
542 2062 702 2126 Talio-
726 2065 790 2128 The
817 2084 874 2129 ms.
898 2064 1009 2128 breaks
1036 2064 1080 2128 off
1103 2064 1183 2128 book
1209 2063 1263 2143 IV,

143 2189 232 2235 werse
255 2168 327 2252 733,
358 2170 429 2233 thus
453 2166 559 2252 (libb)
582 2189 668 2231 uuae
689 2167 865 2231 utemiuiase
887 2167 971 2231 ‹lece-t
993 2166 1042 2252 p‘bs
1059 2165 1184 2254 plauue
1206 2165 1264 2229 ille

144 2271 275 2336 solebat.
324 2273 390 2348 The
419 2272 593 2355 remaining
622 2272 712 2352 lines,
742 2272 815 2336 here
844 2272 990 2355 wanting,
1019 2272 1120 2335 would
1149 2289 1265 2354 oceupy

144 2377 251 2460 nearly
273 2373 298 2439 3
320 2377 424 2440 leaves
447 2375 481 2439 oi
499 2375 551 2439 the
578 2378 651 2439 next
681 2376 777 2457 quire,
807 2375 905 2439 which
935 2375 1083 2458 probably
1112 2375 1265 2439 consisted

143 2481 178 2545 of
197 2480 264 2545 iour
286 2480 389 2544 leaves
412 2479 494 2561 only.
532 2478 633 2542 There
659 2479 685 2542 is
712 2498 751 2543 no
774 2482 858 2543 trace
880 2480 912 2543 in
935 2479 987 2543 the
1009 2480 1133 2544 volume
1160 2480 1194 2543 oi
1212 2479 1264 2543 the

143 2583 271 2666 Library
293 2586 325 2648 to
348 2584 449 2646 which
471 2583 496 2646 it
518 2582 669 2665 belonged
689 2581 793 2647 before
809 2584 861 2647 the
875 2583 1100 2658 Reformation;
1123 2584 1174 2648 the
1194 2585 1265 2666 only

144 2690 234 2770 entry
255 2686 354 2751 which
377 2705 479 2750 seems
501 2688 532 2749 to
554 2686 633 2750 hare
654 2687 745 2768 giren
769 2687 829 2750 this
852 2687 1050 2751 information
1073 2704 1110 2750 on
1132 2687 1183 2751 the
1198 2686 1266 2751 first

143 2808 232 2874 page,
254 2791 311 2854 has
333 2789 413 2857 been
435 2789 582 2871 careiully
604 2790 719 2852 erased.

144 3031 176 3085 de
194 3030 337 3085 canonibus
355 3029 508 3083 Eusebianis
531 3029 600 3096 quod
617 3029 774 3084 Laurentius
792 3021 897 3084 Sbottus
916 3048 935 3085 s.
953 3031 1004 3085 VII
1027 3032 1201 3101 composuisse
1225 3031 1264 3085 di·
1289 3047 1292 3051 ’

144 3117 213 3171 citur
234 3115 278 3186 (ei.
295 3115 449 3170 Dnemmler
465 3115 482 3168 l.
501 3116 548 3169 cI
565 3132 590 3184 p.
605 3117 672 3184 164).
702 3115 777 3170 Idem
795 3133 886 3170 uersus
903 3121 963 3186 post
980 3118 1060 3171 finem
1079 3119 1201 3172 carminis
1219 3119 1264 3171 lu·

142 3202 264 3257 donciani
274 3203 400 3270 leguntur
410 3201 438 3254 in
451 3201 507 3256 ced.
520 3202 587 3255 Mus.
600 3201 665 3255 Brit.
680 3204 763 3258 19723
776 3218 795 3256 s.
808 3202 832 3256 X
850 3206 877 3257 et
893 3204 922 3257 in
940 3205 995 3258 eod.
1009 3205 1122 3273 Sangall.
1138 3207 1185 3260 197
1199 3221 1218 3258 s.
1231 3205 1262 3259 X.

142 3288 177 3343 In
194 3287 282 3342 codice
300 3287 321 3343 0
338 3303 429 3341 uersus
447 3289 508 3340 ante
525 3287 723 3356 inscriptionem
741 3288 849 3343 iuuenci
866 3289 997 3358 leguntur,
1017 3307 1077 3344 cum
1095 3291 1143 3345 sub
1156 3291 1264 3345 Damasi

143 3391 225 3445 papae
251 3376 357 3429 nomine
379 3374 519 3428 tradantur
540 3375 568 3427 in
592 3375 679 3428 codiee
701 3374 911 3445 Cantabrigiensi
935 3377 987 3446 (02)
1011 3379 1061 3432 hae
1083 3378 1264 3448 inscriptione:

142 3461 243 3530 Incipit
268 3461 419 3530 prolologns
445 3462 506 3529 (sie)
529 3460 642 3514 damassi
666 3461 801 3516 Mattheus
828 3471 873 3519 ete.
903 3463 989 3533 Atque
1012 3465 1125 3519 Damaso
1152 3464 1264 3519 adscribi

143 3564 234 3601 uersus
260 3547 321 3601 illes
342 3547 472 3601 historiae
499 3547 687 3601 ecclesiastieae
715 3549 825 3603 seientes
853 3550 961 3603 minime
985 3552 1120 3607 mirentur.
1156 3551 1265 3605 Accedit

143 3633 214 3702 quod
236 3632 411 3702 euangelistae
434 3649 486 3687 non
508 3633 606 3687 usitato
628 3633 720 3687 ordine
741 3651 768 3688 se
786 3636 919 3705 excipiunt
937 3637 979 3704 qrri
999 3642 1049 3691 est:
1071 3638 1204 3693 Mattheus
1222 3638 1264 3692 Io·

142 3720 243 3774 hannes
260 3719 346 3773 Lucas
357 3719 468 3774 Marcus.
488 3718 515 3773 Si
534 3720 641 3774 nomina
651 3721 735 3774 Marci
753 3724 780 3776 et
792 3722 917 3776 Iohannis
929 3725 1126 3793 transposueris,
1145 3725 1263 3778 ordinem

143 3822 237 3863 uerum
255 3805 408 3860 restitueris.
437 3806 556 3874 Denique
573 3809 642 3860 recte
660 3806 713 3860 iam
731 3808 866 3862 Marcidus
884 3809 1028 3875 adnotabit,
1055 3814 1147 3865 eontra
1163 3827 1264 3865 morem

143 3891 253 3946 quenci
275 3891 303 3945 in
324 3892 374 3956 hoe
392 3893 506 3946 carmine
525 3908 620 3946 nomen
637 3893 786 3951 Mattheum
805 3894 963 3965 bisyllabum
984 3903 1011 3952 et
1027 3914 1122 3952 nomen
1139 3881 1265 3953 Iohannis

143 3977 229 4033 tribus
247 3977 354 4047 syllabis
372 3981 399 4032 et
416 3979 425 4032 i
443 3979 598 4033 consonanti
615 3981 841 4048 pronuntiandum
859 3998 921 4038 esse.
956 3983 1053 4038 Versus
1071 3984 1177 4050 similes,
1200 4002 1264 4054 quos

142 4063 221 4119 hodie
244 4064 407 4118 memoriales
431 4064 516 4118 dicere
538 4066 659 4130 solemus,
683 4082 746 4134 aeuo
769 4066 890 4122 Carolino
913 4068 1097 4125 usitatissimos
1119 4071 1207 4142 fuisse,
1234 4089 1264 4126 ex

144 4149 309 4204 Dnemmleri
328 4150 442 4205 editione
460 4152 607 4206 carminum
625 4152 682 4207 aeui
700 4152 815 4210 carolini
833 4154 897 4209 satis
914 4171 1042 4226 superque
1060 4160 1174 4227 apparet.
