2940 4672
227 271 319 326 XVIII
670 273 908 341 Prolegomona.

270 446 446 530 Eulogius
463 447 664 511 Toletanus
678 447 766 511 Initio
781 447 972 511 Memorialis
988 445 1039 511 SS.
1055 446 1071 510 I
1094 446 1146 528 (cl.
1163 447 1261 530 Mign.
1280 447 1352 528 115,

230 549 320 633 l4l):
342 549 383 613 llt
402 551 481 614 sicut
499 568 549 614 me
567 551 730 634 indignum
749 552 836 614 tanto
856 567 947 633 opere
966 551 1073 628 fatcor,
1097 550 1142 614 ita
1166 569 1287 633 quoque
1307 554 1355 616 sui
1414 618 1418 624 ,

229 653 415 736 perfectione
438 671 500 718 non
523 654 624 718 solum
651 655 716 718 erui
738 654 836 735 culpis
859 653 987 734 conlido,
1014 653 1219 718 uernmetiam
1247 657 1355 737 poenis

229 756 412 837 abstractus,
434 758 692 840 praestantiorem
707 757 839 841 gratiam
861 758 1038 822 interuentu
1062 758 1127 820 eius
1151 759 1232 840 apud
1248 759 1356 823 Domi-

230 878 305 924 num
327 861 465 925 inuenire
489 878 591 944 spero:
615 863 649 924 ut
672 864 721 925 est
741 860 818 924 illud
839 861 1085 943 philosophicum

267 1014 336 1078 Hoc
357 1037 438 1100 opaea
461 1017 517 1079 boc
539 1015 618 1079 olim
633 1014 756 1100 forban
779 1038 826 1078 me
848 1014 1014 1079 subtrahet
1036 1016 1106 1102 igni
1129 1017 1237 1101 (praef.
1254 1016 1318 1103 22).

272 1171 497 1237 Paschasius
508 1172 716 1237 Radbertus
729 1173 799 1237 abb.
809 1172 898 1238 borb.
908 1173 1105 1266 expositionis
1117 1173 1353 1238 inMatthaeum

231 1273 721 1360 lit.11,2(ef.Mign.120,12‘1):
738 1276 846 1358 reaque
858 1276 1135 1358 quaestinonem,
1150 1277 1204 1341 uos
1216 1277 1355 1345 christus

232 1383 323 1443 uatus
348 1383 404 1461 est,
435 1379 474 1443 ad
497 1380 697 1443 meridianam
720 1382 845 1463 plagam
871 1380 909 1444 ab
932 1379 1129 1444 Hierusalem
1152 1385 1237 1446 sexto
1259 1383 1356 1446 ferme

232 1483 375 1548 milliario
398 1484 458 1548 slta
480 1488 538 1564 est,
562 1484 672 1548 idcirco
695 1483 734 1548 ab
758 1485 864 1548 eadem
884 1487 971 1566 parto
986 1485 1120 1567 regionis
1136 1489 1218 1549 recte
1233 1486 1356 1550 uenisse

232 1587 351 1650 dicitur.
396 1586 534 1651 Fuerunt
560 1606 694 1669 namque
722 1588 775 1651 isti
796 1591 832 1650 ut
858 1588 970 1667 lerunt,
1002 1588 1038 1650 de
1067 1591 1150 1653 terra
1178 1588 1356 1669 Persarum,

233 1691 319 1754 uelut
340 1690 523 1755 quencus
546 1694 651 1755 noster
674 1691 757 1754 cauit

327 1819 465 1912 Tamque
487 1826 575 1891 tabet
596 1828 716 1891 Persae
734 1826 901 1890 eatendere
922 1849 1049 1913 precatae
1071 1828 1156 1912 (etl
1179 1826 1265 1912 241),

232 1965 404 2048 specialiter
431 1969 537 2030 tamen
559 1966 672 2046 lluilat,
701 1965 755 2030 ubi
782 1964 919 2030 abundat
945 1984 1054 2031 aurum
1077 1967 1238 2049 optimum,
1267 1966 1356 2031 habi-

233 2072 318 2134 tasse
340 2070 470 2134 credunt
508 2120 515 2135 .

275 2173 322 2237 Ib.
337 2173 391 2237 lib.
405 2173 461 2254 XI,
477 2171 520 2235 24
541 2173 584 2256 (p.
602 2161 692 2257 81'4):
722 2173 763 2238 llt
783 2173 856 2238 licet
877 2173 981 2258 fulgur
1007 2174 1163 2257 uniuersa,
1193 2193 1271 2256 quac
1299 2174 1356 2240 snb

234 2277 319 2340 caelo
348 2279 432 2357 sunt,
461 2279 602 2359 penetret
632 2295 667 2341 ac
696 2280 874 2360 perterreat,
904 2277 1124 2362 penetrabilior
1153 2277 1259 2343 tamen
1292 2279 1356 2343 dics

232 2380 287 2443 illa
317 2379 375 2444 erit
404 2397 440 2443 ec
465 2373 641 2460 terribilior,
672 2398 749 2462 qnae
772 2381 876 2445 omnia
898 2381 1053 2446 caelorum
1075 2381 1214 2447 monebit
1235 2399 1357 2462 arcana,

234 2487 265 2546 et
296 2483 464 2548 inferorum
480 2540 483 2547 .
497 2484 644 2549 uniuersa
676 2483 854 2567 penetrabit
885 2487 965 2566 iura,
999 2504 1056 2549 noo
1090 2503 1151 2552 non
1185 2489 1216 2550 et
1249 2487 1357 2550 mundi

234 2589 345 2651 cuncta
365 2586 505 2652 turbabit
525 2588 687 2652 elementa
725 2588 772 2651 De
795 2606 855 2669 qno
870 2589 1053 2653 quencus
1069 2589 1229 2672 presbyter
1244 2590 1358 2654 mirum

234 2690 304 2754 libri
326 2691 374 2755 sui
395 2691 580 2774 principium
603 2691 699 2756 dedit:
723 2690 810 2771 Quod

374 2828 550 2892 remotae
572 2828 659 2892 aeon
680 2811 797 2893 aanor
821 2866 860 2876 -
882 2827 966 2892 ater
987 2829 1096 2913 (praef.
1117 2830 1226 2916 1-3).

277 2966 431 3032 Samson
453 2967 549 3033 abbas
566 2967 772 3033 Cordubensis
796 2968 915 3053 apolog.
931 2969 948 3033 I
963 2987 988 3032 c,
1006 2967 1025 3031 8
1042 2967 1094 3052 (cf.
1111 2969 1227 3049 Florez,
1243 2970 1356 3051 lispan.

236 3088 317 3153 sagr.
332 3070 379 3134 XI
401 3069 492 3153 369):
520 3070 639 3151 Quibus
663 3073 757 3136 etiam
779 3073 827 3136 uir
850 3073 969 3154 eloquio
992 3073 1108 3137 nitidus
1132 3077 1162 3135 et
1183 3073 1215 3135 in
1235 3089 1360 3154 poema-

236 3172 320 3237 tibus
351 3173 452 3238 olarus
474 3174 660 3240 quencus
690 3175 818 3240 metrice
841 3176 1021 3259 euangelica
1043 3176 1138 3239 uerba
1160 3174 1360 3257 comprehen-

238 3276 313 3340 dens
336 3276 379 3340 ait

257 3430 301 3493 Et
323 3452 474 3517 magnum
496 3429 640 3496 clamans
655 3431 748 3518 felice
770 3454 788 3495 o
803 3431 935 3518 femine
956 3431 1048 3496 salae

260 3533 396 3599 Felicem
417 3545 541 3622 pestana
564 3536 651 3601 aeteri
673 3536 857 3600 sinuamine
872 3534 1001 3621 foetam
1022 3535 1108 3619 (etl
1130 3533 1181 3599 86.
1199 3534 1263 3618 87).

237 3674 278 3738 llt
299 3675 413 3740 iterum

259 3810 387 3875 Interea
409 3811 540 3875 Mariae
562 3795 676 3898 apameo
699 3809 861 3875 miracala
882 3821 1012 3874 mentem

261 3912 449 3978 Sollicitam
469 3914 644 4001 manifesta
666 3916 755 3979 uteri
776 3915 854 4000 qaia
872 3915 1022 4000 pondero
1036 3912 1125 3980 atelle
1145 3915 1361 4000 (1133.134).

282 4071 508 4137 Anastasius
532 4071 629 4138 abbas
644 4074 675 4137 in
698 4073 827 4137 historia
842 4073 878 4136 de
894 4074 967 4138 uitis
982 4074 1071 4138 Rom.
1088 4074 1177 4137 Pont.
1194 4073 1247 4157 (cf.
1263 4074 1362 4157 Migo.

239 4171 458 4259 t.128,354):
482 4177 598 4240 Eadem
619 4177 763 4241 distructa
781 4176 888 4259 phrasi
910 4177 1058 4260 castigate
1081 4179 1175 4243 etiam
1198 4178 1231 4242 in
1253 4178 1364 4241 carmi-
