2940 4672
224 319 248 372 X
670 319 908 388 Prolegomona

268 494 335 557 lam
350 493 470 575 pridem
486 494 578 556 etiam
593 494 790 576 grammatici
805 498 836 557 ct
851 495 971 557 metrici
982 495 1105 577 regulas
1118 513 1189 558 suas
1202 498 1341 562 uersibus

226 616 262 661 ex
284 598 417 661 quenco
440 597 549 660 adlatis
572 596 738 661 firmabant
759 600 794 661 ut
813 599 894 661 iuter
910 597 1057 680 Sergiam
1079 599 1148 680 ipsa
1168 599 1343 683 fragmenta

224 701 332 766 referri
354 702 432 765 solet
452 701 537 765 locus
553 701 604 765 ille
620 700 657 765 ab
674 702 714 766 H.
730 701 882 785 Hagouo
905 700 1034 784 (Anecd.
1051 701 1142 765 Helu.
1158 721 1188 784 p.
1205 701 1342 788 oxclv)

224 805 368 870 traditus:
400 803 514 868 Accido
536 823 591 886 por
612 804 622 867 i
645 804 681 868 de
697 822 832 885 accessu,
855 805 912 869 hoc
928 807 983 884 est,
1007 804 1297 887 deapproximando
1312 810 1344 871 ot

224 909 350 991 reliqua.
388 908 500 974 Utrum
514 909 608 992 longa
629 908 640 971 i
662 908 694 972 in
709 908 804 973 uerbo
819 908 900 990 quod
915 907 1026 972 dicitur
1042 907 1202 988 ,accidunt‘
1219 912 1342 973 annon?

157 1076 161 1081 ,
226 1012 314 1078 certe
343 1013 438 1094 longa¹
464 1014 512 1075 est
539 1014 575 1075 ut
604 1010 680 1075 dixit
707 1011 891 1075 quencus
926 1016 1018 1094 poeta
1045 1008 1183 1086 ,Accidit
1211 1010 1343 1096 paritor

221 1135 344 1200 poenae
365 1112 524 1177 consortia
539 1112 647 1198 forre‘
667 1114 726 1197 (IV
748 1113 833 1197 666).

267 1220 367 1284 Multo
390 1218 511 1301 saepius
533 1219 675 1283 laudatur
697 1218 735 1283 ab
759 1222 891 1298 auctore,
915 1219 966 1300 qui
987 1222 1057 1301 post
1078 1223 1212 1284 aetatem
1234 1219 1343 1284 Isidori

226 1324 273 1404 ,de
295 1323 396 1388 dubiis
418 1322 604 1387 nominibus‘
628 1323 750 1405 scripsit
771 1323 810 1386 cf.
827 1321 965 1387 Gramm.
980 1323 1033 1388 lat.
1050 1323 1092 1388 V:

225 1499 254 1562 p.
272 1478 344 1560 571,
382 1476 401 1541 8
431 1478 528 1543 Amor
550 1478 672 1562 gononis
695 1478 857 1541 masculini
880 1481 914 1542 ut
935 1479 1133 1544 quencus:

433 1581 591 1645 Fraterno
615 1580 736 1644 demum
763 1579 988 1646 reconciliatur
1011 1605 1116 1646 amore
1139 1583 1168 1667 (Ι
1190 1581 1277 1665 509).

271 1724 312 1733 -
363 1685 401 1750 13
430 1685 526 1751 Artus
553 1687 741 1770 singularam
764 1704 928 1749 numerum
951 1687 1138 1767 nonhabet,
1166 1687 1220 1750 sod
1241 1689 1343 1770 plura-

482 1790 552 1854 liter
574 1789 737 1853 masculini
758 1789 880 1872 gcneris
903 1793 938 1852 ut
959 1789 1158 1853 quencus:

431 1890 649 1977 Splcndcbmat
670 1891 814 1977 corporis
837 1899 930 1954 artus
954 1891 983 1975 (Ι
1005 1889 1091 1975 620).

225 2017 255 2079 p.
271 1994 344 2077 577,
381 1995 401 2058 2
431 1995 603 2060 conubium
625 1996 747 2079 generis
770 1996 871 2060 neutri
892 1998 928 2059 ut
950 1995 1149 2059 quencus:

434 2095 471 2161 si
493 2098 564 2182 quis
587 2097 724 2161 conubia
747 2098 869 2182 rumpit
892 2097 921 2181 (Ι
943 2097 1030 2182 531).

272 2241 314 2249 -
361 2202 400 2265 31
431 2203 528 2267 Dolus
550 2203 671 2286 generis
694 2202 857 2266 masculini
880 2204 914 2265 ut
936 2202 1132 2265 quencus:

432 2305 496 2369 Hic
519 2305 612 2368 dolus
634 2305 763 2368 inimico
785 2315 861 2369 tuuc
884 2305 929 2389 (ΙΙ
951 2303 1038 2389 807).

227 2431 257 2493 p.
275 2409 348 2491 571,
387 2410 402 2471 1
434 2411 530 2493 Dapis
552 2411 673 2494 generis
695 2410 836 2475 feminini
857 2412 892 2473 ut
913 2408 1108 2473 quencus:

436 2510 525 2586 Quae
548 2512 643 2599 dapis
667 2514 718 2598 (7).

273 2653 314 2663 -
383 2615 402 2679 9
432 2617 523 2682 Elmcr
544 2618 666 2701 generis
690 2615 853 2681 masculini
875 2619 910 2680 ut
932 2614 1128 2679 quencus:

431 2741 506 2782 nant
539 2718 599 2783 ribo·
631 2720 863 2805 praeteritoto')
896 2718 985 2781 uitae
1015 2715 1220 2800 donaoirofl)
1250 2738 1342 2779 orror

274 2964 315 2974 —
363 2925 405 2990 20
434 2928 504 2992 mos
527 2927 647 3012 generis
670 2927 834 2991 masculini
855 2931 890 2990 ut
911 2926 1110 2990 quencus:

433 3030 604 3094 Primacuo
627 3029 662 3092 in
676 3027 760 3115 flora
781 3019 943 3116 cenauit-²)
965 3028 994 3112 (Ι
1017 3027 1080 3112 30).

228 3158 258 3220 p.
274 3135 347 3216 579,
366 3135 404 3198 15
434 3134 567 3200 German
590 3134 711 3218 generis
735 3134 836 3198 neutri
857 3137 893 3196 ut
913 3133 1110 3197 quencus:

433 3236 572 3323 Proprio
594 3236 734 3300 uertitur
755 3236 926 3321 carmincl)
945 3235 1035 3320 pomi
1058 3235 1086 3317 (I
1109 3234 1194 3319 699).

228 3363 259 3425 p.
275 3341 347 3423 581,
384 3341 406 3403 4
433 3340 497 3405 Iter
518 3341 639 3425 generis
662 3341 762 3405 neutri
783 3343 819 3404 ut
839 3339 1036 3403 quencus:

433 3441 487 3506 An
508 3464 621 3507 aarum
642 3442 917 3526 monesterium)
940 3443 968 3524 (I
990 3440 1054 3523 24).

277 3588 315 3596 -
384 3549 405 3612 5
433 3547 486 3612 Ius
508 3548 628 3632 generis
650 3546 753 3611 neutri
775 3549 810 3610 ut
830 3547 1027 3609 quencus:
1144 3559 1148 3567 ·

436 3651 504 3713 Hoc
525 3650 578 3713 ius
602 3650 713 3713 dicore
730 3649 938 3734 prophetato)
961 3646 989 3729 (I
1011 3646 1096 3730 678).

230 3780 259 3842 p.
275 3755 349 3838 582,
367 3757 404 3818 11
437 3756 529 3820 Liuor
551 3755 671 3839 generis
693 3753 835 3823 feminini
856 3756 892 3816 ut
913 3753 1110 3815 qucncus:

435 3859 514 3922 Mooc
536 3857 626 3921 liuor
647 3855 808 3920 daemonia
830 3854 937 3937 aaran
961 3852 990 3936 (Ι
1012 3851 1103 3935 366).

278 4070 296 4138 ¹)
314 4068 486 4137 praeteritura
507 4067 533 4121 V
594 4064 614 4132 2)
633 4063 742 4116 donauit
763 4062 812 4116 VL
876 4059 895 4127 ³)
913 4056 1016 4125 iugauit
1033 4057 1059 4110 L
1118 4053 1139 4122 ⁴)
1157 4050 1293 4121 germinon
1311 4051 1348 4105 M

232 4156 252 4225 δ)
270 4156 357 4208 uirum
376 4153 507 4207 conuertit
524 4153 610 4206 MVL
678 4149 699 4218 6)
716 4145 845 4216 propheta
862 4146 887 4198 1>
956 4143 977 4210 l)
994 4143 1041 4209 oio,
1063 4143 1111 4196 looc
1128 4141 1185 4195 loco
1201 4140 1289 4208 sulcus
1306 4143 1343 4191 est

233 4242 342 4310 croco,
360 4244 394 4311 cf.
412 4240 564 4308 Woelfflin-3
582 4237 682 4291 Archiv
700 4236 767 4289 160
