2940 4672
585 289 822 359 Prolegomena
1175 288 1264 343 XLIII

141 468 254 545 partor,
285 463 366 532 findo
394 464 519 528 quenc.
569 463 705 546 repedat,
736 463 873 527 widricat
900 464 1024 527 Inuenc.
1061 469 1177 543 rutum,
1208 482 1280 527 un··

143 567 262 630 fruataz
296 567 328 631 in
362 567 487 630 quena.
541 566 674 647 uicibus
709 566 829 630 hcrtcm
863 567 987 631 quenc.
1039 568 1158 650 uertigc
1191 566 1263 649 poli,

143 670 310 734 snumtilcd
332 671 461 735 himeles
477 670 613 734 quenc‘
648 671 774 734 Praeter
794 668 965 734 quencum
987 671 1109 734 nullum
1132 669 1264 735 auctoris

142 792 254 838 nemen
281 773 402 856 legitur.
448 773 577 838 Glessae
607 792 684 856 qnae
708 774 746 838 ad
768 774 939 838 quencnm
961 775 1118 857 pertinent
1140 773 1264 838 nemine

141 878 192 941 uel
223 878 325 942 addite
356 879 405 940 uel
436 879 549 941 omisso
577 879 743 942 maximam
765 881 886 959 partem
909 878 1105 943 continentur
1127 878 1159 942 in
1182 879 1264 962 gles-

141 982 231 1062 sari0‚
259 982 339 1063 qued
361 980 553 1065 Steinmeyer
577 986 607 1046 et
630 981 749 1047 Sieuers
772 983 791 1045 l.
814 1000 838 1045 c.
861 1001 876 1045 e
899 983 1001 1046 codice
1024 982 1111 1047 Iunio
1135 980 1176 1044 25
1199 981 1264 1045 edi·

142 1086 261 1150 derunt.
273 1086 296 1169 ¹)

183 1189 241 1254 His
266 1189 411 1272 expositis
434 1193 531 1254 restat
551 1194 587 1253 ut
608 1190 681 1254 uiris
705 1191 799 1254 doctis
824 1191 876 1271 qui
899 1210 948 1253 me
972 1193 1002 1254 et
1024 1191 1149 1255 consilio
1177 1193 1208 1254 et
1230 1209 1263 1254 re

142 1293 327 1357 adiuuarent
348 1294 464 1376 granas
488 1312 579 1377 agam
601 1292 740 1377 publicas
763 1293 948 1358 Guilelmc
972 1295 1013 1356 de
1028 1294 1174 1372 Hartel,
1197 1312 1263 1357 ma-

140 1397 236 1479 gistre
256 1397 463 1477 dilectissimo,
484 1398 528 1461 M.
544 1398 783 1480 Petschenig,
806 1397 830 1460 Ι.
848 1396 1011 1481 (10111118,
1032 1397 1075 1461 Μ.
1092 1398 1261 1478 Maniti0‚

139 1501 277 1564 locorum
299 1501 497 1565 classicorum
519 1501 732 1584 inuestigatcri
754 1502 1027 1583 praestantissime.

185 1725 204 1792 ¹)
224 1723 331 1778 Glossae
350 1740 365 1776 a
382 1724 531 1777 chhcrnic
549 1724 635 1778 editae
653 1725 681 1778 In
698 1723 796 1778 librum
814 1723 952 1778 laudatum
970 1724 1132 1793 recipiendae
1151 1729 1233 1779 erant.

184 2001 297 2084 Scripsi
321 2002 520 2067 Vindobonae
543 2004 649 2068 Idibus
672 2005 759 2069 Iuliis
783 2024 809 2069 a.
828 2002 919 2069 1890.

846 2401 1022 2480 Iohannes
1048 2401 1207 2481 Huemer.
